 @comment{ Kristina Toutanova and Christopher D. Manning. 2000. Enriching the 
           Knowledge Sources Used in a Maximum Entropy Part-of-Speech Tagger. 
           In Proceedings of the Joint SIGDAT Conference on Empirical Methods 
           in Natural Language Processing and Very Large Corpora 
           (EMNLP/VLC-2000), pp. 63-70. }
@inproceedings{toutanova2000,
 author = "Kristina Toutanova and Christopher D. Manning",
 title = "Enriching the Knowledge Sources Used in a Maximum Entropy Part-of-Speech Tagger",
 booktitle = "Proceedings of the Joint SIGDAT Conference on Empirical Methods in Natural Language Processing and Very Large Corpora (EMNLP/VLC-2000)",
 pages = "63--70",
 year = 2000
}

 @comment{ Danqi Chen and Christopher D Manning. 2014. A Fast and Accurate 
           Dependency Parser using Neural Networks. Proceedings of EMNLP 2014 }
@inproceedings{chen2014,
 author = "Danqi Chen and Christopher D Manning",
 booktitle = "Proceedings of EMNLP 2014",
 title = "A {Fast} and {Accurate} {Dependency} {Parser} using {Neural} {Networks}",
 year = 2014
}

 @comment{ John Duchi, Elad Hazan, and Yoram Singer. 2011. Adaptive 
           subgradient methods for online learning and stochastic 
           optimization. The Journal of Machine Learning Research. }
@article{duchi2011,
 author = "John Duchi and Elad Hazan and Yoram Singer",
 year = "2011",
 title = "Adaptive subgradient methods for online learning and stochastic optimization",
 journal = "The Journal of Machine Learning Research"
}

@article{Abadi2015TensorFlowLM,
  title={TensorFlow: Large-Scale Machine Learning on Heterogeneous Distributed Systems},
  author={Mart{\'i}n Abadi and Ashish Agarwal and Paul Barham and Eugene Brevdo and Zhifeng Chen and Craig Citro and Gregory S. Corrado and Andy Davis and Jeffrey Dean and Matthieu Devin and Sanjay Ghemawat and Ian J. Goodfellow and Andrew Harp and Geoffrey Irving and Michael Isard and Yangqing Jia and Rafal J{\'o}zefowicz and Lukasz Kaiser and Manjunath Kudlur and Josh Levenberg and Dan Man{\'e} and Rajat Monga and Sherry Moore and Derek Gordon Murray and Chris Olah and Mike Schuster and Jonathon Shlens and Benoit Steiner and Ilya Sutskever and Kunal Talwar and Paul A. Tucker and Vincent Vanhoucke and Vijay Vasudevan and Fernanda B. Vi{\'e}gas and Oriol Vinyals and Pete Warden and Martin Wattenberg and Martin Wicke and Yuan Yu and Xiaoqiang Zheng},
  journal={CoRR},
  year={2015},
  volume={abs/1603.04467}
}

@article{PradhanHMPRW07,
  author    = {Sameer S. Pradhan and
               Eduard H. Hovy and
               Mitchell P. Marcus and
               Martha Palmer and
               Lance A. Ramshaw and
               Ralph M. Weischedel},
  title     = {Ontonotes: a Unified Relational Semantic Representation},
  journal   = {Int. J. Semantic Computing},
  volume    = {1},
  number    = {4},
  pages     = {405--419},
  year      = {2007},
}

@phdthesis{Choi:2012,
 author = {Choi, Jinho D.},
 advisor = {Palmer, Martha},
 title = {Optimization of Natural Language Processing Components for Robustness and Scalability},
 year = {2012},
 isbn = {978-1-267-85392-9},
 note = {AAI3549172},
 school = {University of Colorado at Boulder},
 address = {Boulder, CO, USA},
}

 @comment{ Jenny Rose Finkel, Trond Grenager, and Christopher Manning. 2005. 
           Incorporating Non-local Information into Information Extraction 
           Systems by Gibbs Sampling. Proceedings of the 43nd Annual Meeting 
           of the Association for Computational Linguistics (ACL 2005), pp. 
           363-370. http://nlp.stanford.edu/~manning/papers/gibbscrf3.pdf }
@inproceedings{finkel2005,
 author = "Jenny Rose Finkel and Trond Grenager and Christopher Manning",
 booktitle = "Proceedings of the 43nd Annual Meeting 
           of the Association for Computational Linguistics (ACL 2005)",
 title = "Incorporating {Non}-local {Information} into {Information} {Extraction} {Systems} by {Gibbs} {Sampling}. {Proceedings} of the 43nd {Annual} {Meeting} of the {Association} for {Computational} {Linguistics} ({ACL}",
 volume = "",
 pages = "363--370",
 year = 2005, 
}

@book{Manning:2008:IIR:1394399,
 author = {Manning, Christopher D. and Raghavan, Prabhakar and Sch\"{u}tze, Hinrich},
 title = {Introduction to Information Retrieval},
 year = {2008},
 isbn = {0521865719, 9780521865715},
 publisher = {Cambridge University Press},
 address = {New York, NY, USA},
} 

@book{p11,
author = {Adam Pease},
publisher = {Articulate Software Press},
address = {Angwin, CA},
title = {{Ontology: A Practical Guide}},
year = {2011},
}

@inproceedings{np01,
author = {Ian Niles and Adam Pease},
booktitle = "Proceedings of the 2nd International Conference on Formal Ontology in Information Systems (FOIS-2001)",
editor = {Chris Welty and Barry Smith},
title = {{Toward a Standard Upper Ontology}},
pages = {2--9},
year = {2001},
}

@Book{Fellbaum1998,
  editor =	 "Christiane Fellbaum",
  title =	 "{WordNet}: An Electronic Lexical Database",
  booktitle =	 "{WordNet}: An Electronic Lexical Database",
  publisher =	 "MIT Press",
  year =	 1998
}

@inproceedings{DBLP:conf/nips/MikolovSCCD13,
  author    = {Tomas Mikolov and
               Ilya Sutskever and
               Kai Chen and
               Gregory S. Corrado and
               Jeffrey Dean},
  title     = {Distributed Representations of Words and Phrases and their Compositionality},
  booktitle = {Advances in Neural Information Processing Systems 26: 27th Annual
               Conference on Neural Information Processing Systems 2013. Proceedings
               of a meeting held December 5-8, 2013, Lake Tahoe, Nevada, United States.},
  pages     = {3111--3119},
  year      = {2013},
}

@article{DBLP:journals/corr/abs-1301-3781,
  author    = {Tomas Mikolov and Kai Chen and Greg Corrado and Jeffrey Dean},
  title     = {Efficient Estimation of Word Representations in Vector Space},
  journal   = {CoRR},
  volume    = {abs/1301.3781},
  year      = {2013},
}

 @comment{ Shan Wang and Francis Bond (2013) Theoretical and Practical Issues 
           in Creating Chinese Open Wordnet (COW). Paper presented at The 7th 
           International Conference on Contemporary Chinese Grammar (ICCCG-7), 
           Nanyang Technological University, Singapore. }
@inproceedings{wang2013theoretical,
 author = "Shan Wang and Francis Bond",
 title = "Theoretical and Practical Issues in Creating Chinese Open Wordnet ({COW})",
 booktitle = "7th {International} {Conference} on {Contemporary} {Chinese} {Grammar} ({ICCCG}-7), {Nanyang} {Technological} {University}, {Singapore}",
 year = 2013
}

@incollection{DBLP:books/daglib/p/BondFHHPV14,
  author    = {Francis Bond and
               Christiane Fellbaum and
               Shu{-}Kai Hsieh and
               Chu{-}Ren Huang and
               Adam Pease and
               Piek Vossen},
  title     = {A Multilingual Lexico-Semantic Database and Ontology},
  booktitle = {Towards the Multilingual Semantic Web, Principles, Methods and Applications},
  pages     = {243--258},
  year      = {2014},
}

 @comment{ Cai, Q., Gung, J., Guan, M., Kurlandski,G., and Pease, A., (2016). 
           Word Substitution in Short Answer Extraction: A WordNet-based 
           Approach, in Proceedings of the Eighth Global WordNet Conference, 
           Verginica Barbu Mititelu, Corina Forascu, Christiane Fellbaum, Piek 
           Vossen (eds), pp 66-73. }
@inproceedings{cai2016,
 author = "Qingqing Cai and James Gung and Maochen Guan and Gerald Kurlandski and Adam Pease",
 title = "Word Substitution in Short Answer Extraction: A WordNet-based Approach",
 booktitle = "{Proceedings} of the {Eighth} {Global} {WordNet} {Conference}",
 editor = "Verginica Barbu Mititelu and Corina Forascu and Christiane Fellbaum and Piek Vossen",
 year = 2016,
}

@incollection{LandesLeacock,
  author    = {S. Landes and C. Leacock and R. Tengi},
  year      = {1998},
  title     = {Building semantic concordances},
  booktitle = {WordNet: An Electronic Lexical Database},
  editor    = {Fellbaum, C.},
  address = "Cambridge (Mass.)",
  series={Language, Speech, and Communication},
  url={http://books.google.com.hk/books?id=Rehu8OOzMIMC},
  publisher={MIT Press}
}

 @comment{ Kucera and Francis, W.N. (1967). Computational Analysis of 
           Present-Day American English. Providence: Brown University Press.  }
@book{kucera1967computational,
 author = "Kucera and Francis, W. N.",
 title = "Computational Analysis of Present-Day American English",
 publisher = "Providence: Brown University Press",
 year = 1967
}

@inproceedings{conf/emnlp/SnowPJN07,
  added-at = {2013-11-19T11:46:33.000+0100},
  author = {Snow, Rion and Prakash, Sushant and Jurafsky, Daniel and Ng, Andrew Y.},
  booktitle = {EMNLP-CoNLL},
  pages = {1005-1014},
  publisher = {ACL},
  title = {Learning to Merge Word Senses.},
  year = 2007
}

@article{crammer2006online,
  title={Online passive-aggressive algorithms},
  author={Crammer, Koby and Dekel, Ofer and Keshet, Joseph and Shalev-Shwartz, Shai and Singer, Yoram},
  journal={The Journal of Machine Learning Research},
  volume={7},
  pages={551--585},
  year={2006},
  publisher={JMLR. org}
}

@inproceedings{li2002learning,
  title={Learning question classifiers},
  author={Li, Xin and Roth, Dan},
  booktitle={Proceedings of the 19th international conference on Computational linguistics-Volume 1},
  pages={1--7},
  year={2002},
  organization={Association for Computational Linguistics}
}

 @comment{ Roger Levy and Galen Andrew. 2006. Tregex and Tsurgeon: tools for 
           querying and manipulating tree data structures. 5th International 
           Conference on Language Resources and Evaluation (LREC 2006). }
@inproceedings{levy2006,
 author = "Roger Levy and Galen Andrew",
 booktitle = "5th International Conference on Language Resources and Evaluation (LREC 2006)",
 title = "Tregex and {Tsurgeon}: tools for querying and manipulating tree data structures",
 year = 2006
}

 
@InProceedings{Danescu-Niculescu-Mizil+Lee:11a,
  author={Cristian Danescu-Niculescu-Mizil and Lillian Lee},
  title={Chameleons in imagined conversations: 
  A new approach to understanding coordination of linguistic style in dialogs.},
  booktitle={Proceedings of the 
        Workshop on Cognitive Modeling and Computational Linguistics, ACL 2011},
  year={2011}
}

@inproceedings{Godfrey:1992:STS:1895550.1895693,
 author = {Godfrey, John J. and Holliman, Edward C. and McDaniel, Jane},
 title = {SWITCHBOARD: Telephone Speech Corpus for Research and Development},
 booktitle = {Proceedings of the 1992 IEEE International Conference on Acoustics, Speech and Signal Processing - Volume 1},
 series = {ICASSP'92},
 year = {1992},
 isbn = {0-7803-0532-9},
 location = {San Francisco, California},
 pages = {517--520},
 numpages = {4},
 url = {http://dl.acm.org/citation.cfm?id=1895550.1895693},
 acmid = {1895693},
 publisher = {IEEE Computer Society},
 address = {Washington, DC, USA},
} 

@inproceedings{DBLP:conf/sigdial/LowePSP15,
  author    = {Ryan Lowe and
               Nissan Pow and
               Iulian Serban and
               Joelle Pineau},
  title     = {The Ubuntu Dialogue Corpus: {A} Large Dataset for Research in Unstructured
               Multi-Turn Dialogue Systems},
  booktitle = {Proceedings of the {SIGDIAL} 2015 Conference, The 16th Annual Meeting
               of the Special Interest Group on Discourse and Dialogue, 2-4 September
               2015, Prague, Czech Republic},
  pages     = {285--294},
  year      = {2015},
}

@article{journals/lre/ChenK13,
  added-at = {2013-05-31T00:00:00.000+0200},
  author = {Chen, Tao and Kan, Min-Yen},
  biburl = {http://www.bibsonomy.org/bibtex/297095cd335f399f3e8b72da5074bde6b/dblp},
  ee = {http://dx.doi.org/10.1007/s10579-012-9197-9},
  interhash = {3e605e96bb08c6e0beb423dbf3b267bf},
  intrahash = {97095cd335f399f3e8b72da5074bde6b},
  journal = {Language Resources and Evaluation},
  keywords = {dblp},
  number = 2,
  pages = {299-335},
  timestamp = {2013-08-13T12:54:56.000+0200},
  title = {Creating a live, public short message service corpus: the NUS SMS corpus.},
  url = {http://dblp.uni-trier.de/db/journals/lre/lre47.html#ChenK13},
  volume = 47,
  year = 2013
}

 @comment{ Eric N. Forsyth and Craig H. Martell, "Lexical and Discourse 
           Analysis of Online Chat Dialog," Proceedings of the First IEEE 
           International Conference on Semantic Computing (ICSC 2007), pp. 
           19-26, September 2007. }
@inproceedings{forsyth2007lexical,
 author = "Eric N. Forsyth and Craig H. Martell",
 title = "Lexical and Discourse Analysis of Online Chat Dialog",
 booktitle = "Proceedings of the First {IEEE} International Conference on Semantic Computing ({ICSC} 2007)",
 month = sep,
 pages = "19--26",
 year = 2007
}

@Article{Wiebe2005,
author="Wiebe, Janyce
and Wilson, Theresa
and Cardie, Claire",
title="Annotating Expressions of Opinions and Emotions in Language",
journal="Language Resources and Evaluation",
year="2005",
volume="39",
number="2",
pages="165--210",
abstract="This paper describes a corpus annotation project to study issues in the manual annotation of opinions, emotions, sentiments, speculations, evaluations and other private states in language. The resulting corpus annotation scheme is described, as well as examples of its use. In addition, the manual annotation process and the results of an inter-annotator agreement study on a 10,000-sentence corpus of articles drawn from the world press are presented.",
issn="1572-0218",
doi="10.1007/s10579-005-7880-9",
url="http://dx.doi.org/10.1007/s10579-005-7880-9"
}

@article{DBLP:journals/jar/UrbanRS13,
  author    = {Josef Urban and
               Piotr Rudnicki and
               Geoff Sutcliffe},
  title     = {{ATP} and Presentation Service for Mizar Formalizations},
  journal   = {J. Autom. Reasoning},
  volume    = {50},
  number    = {2},
  pages     = {229--241},
  year      = {2013},
}

@inproceedings{DBLP:conf/birthday/UrbanV13,
  author    = {Josef Urban and
               Jir{\'{\i}} Vyskocil},
  title     = {Theorem Proving in Large Formal Mathematics as an Emerging {AI} Field},
  booktitle = {Automated Reasoning and Mathematics - Essays in Memory of William
               W. McCune},
  pages     = {240--257},
  year      = {2013},
}

@incollection{B14,
	Address = {London, UK},
	Author = {Christoph Benzm\"uller},
	Booktitle = {All about Proofs, Proof for All},
	Editor = {David Delahaye and Woltzenlogel Paleo, Bruno},
	Pages = {171-214},
	Publisher = {College Publications},
	Series = {Mathematical Logic and Foundations},
	Title = {Higher-Order Automated Theorem Provers},
	Year = 2015,
}

@misc{SemRewrite2016,
  author={Adam Pease},
  year={2016},
  title={Semantic Rewriting},
  howpublished={unpublished technical report}
}

@inproceedings{Serban:2016:BED:3016387.3016435,
 author = {Serban, Iulian V. and Sordoni, Alessandro and Bengio, Yoshua and Courville, Aaron and Pineau, Joelle},
 title = {Building End-to-end Dialogue Systems Using Generative Hierarchical Neural Network Models},
 booktitle = {Proceedings of the Thirtieth AAAI Conference on Artificial Intelligence},
 series = {AAAI'16},
 year = {2016},
 location = {Phoenix, Arizona},
 pages = {3776--3783},
 numpages = {8},
 url = {http://dl.acm.org/citation.cfm?id=3016387.3016435},
 acmid = {3016435},
 publisher = {AAAI Press},
} 

@misc{Suzette,
  title={Suzette, the Most Human Computer},
  howpublished={http://www.gamasutra.com/blogs/BruceWilcox/20110622/7840/Suzette_the_Most_Human_Computer.php},
  year={2011},
  author={Bruce Wilcox and Sue Wilcox}
}

@book{KampReyle93,
  author = {Hans Kamp and Uwe Reyle},
  title = {{From Discourse to Logic. Introduction to
                  Modeltheoretic Semantics of Natural Language, Formal
                  Logic and Discourse Representation Theory}},
  publisher = {Kluwer},
  year = {1993},
  address = {Dordrecht}
}

@inproceedings{SutcliffeTFF,
    author = {Geoff Sutcliffe and Stephan Schulz and Koen Claessen and Peter Baumgartner},
    title = {{The TPTP Typed First-order Form with Arithmetic}},
booktitle = "International Conference on Logic for Programming Artificial Intelligence and Reasoning
(LPAR 2012)",
    pages = {406--419},
    year = {2012}
}

@inproceedings{Kovacs:2013:FTP:2958031.2958033,
 author = {Kov\'{a}cs, Laura and Voronkov, Andrei},
 title = {First-Order Theorem Proving and Vampire},
 booktitle = "Proceedings of the 25th International Conference on 
Computer Aided Verification",
 series = {CAV 2013},
 volume = {8044},
 year = {2013},
 isbn = {978-3-642-39798-1},
 location = {Saint Petersburg, Russia},
 pages = {1--35},
 numpages = {35},
 url = {http://dx.doi.org/10.1007/978-3-642-39799-8_1},
 doi = {10.1007/978-3-642-39799-8_1},
 acmid = {2958033},
 publisher = {Springer-Verlag New York, Inc.},
 address = {New York, NY, USA},
} 

@inproceedings{Sutcliffe:2007:TTC:2391910.2391914,
 author = {Sutcliffe, Geoff},
 title = {{TPTP, TSTP, CASC, etc.}},
 booktitle = "Proceedings of the Second International Conference on 
Computer Science: Theory and Applications",
 series = {CSR'07},
 year = {2007},
 isbn = {3-540-74509-2, 978-3-540-74509-9},
 location = {Ekaterinburg, Russia},
 pages = {6--22},
 numpages = {17},
 url = {http://dl.acm.org/citation.cfm?id=2391910.2391914},
 acmid = {2391914},
 publisher = {Springer-Verlag},
 address = {Berlin, Heidelberg},
} 

@inProceedings{ps14,
author={Adam Pease and Stephan Schulz}, 
year={2014},
title={{Knowledge Engineering for Large Ontologies with Sigma KEE 3.0}},
booktitle={{The International Joint Conference on Automated Reasoning}}
} 

@misc{BaldwinLessmann,
  howpublished={\url{https://www.scientificamerican.com/article/what-is-russells-paradox/}},
  title={{What is Russell's paradox?}},
  author={John T. Baldwin and Olivier Lessmann},
  publisher={Scientific American (blog)},
  year={2018}
}
  
