@article{gunning2019darpa,
  title={DARPA’s explainable artificial intelligence (XAI) program},
  author={Gunning, David and Aha, David},
  journal={AI magazine},
  volume={40},
  number={2},
  pages={44--58},
  year={2019}
}
@article{kute2021deep,
  title={Deep learning and explainable artificial intelligence techniques applied for detecting money laundering--a critical review},
  author={Kute, Dattatray Vishnu and Pradhan, Biswajeet and Shukla, Nagesh and Alamri, Abdullah},
  journal={IEEE Access},
  volume={9},
  pages={82300--82317},
  year={2021},
  publisher={IEEE}
}
@article{zoppi2021meta,
  title={Meta-Learning to Improve Unsupervised Intrusion Detection in Cyber-Physical Systems},
  author={Zoppi, Tommaso and Gharib, Mohamad and Atif, Muhammad and Bondavalli, Andrea},
  journal={ACM Transactions on Cyber-Physical Systems (TCPS)},
  volume={5},
  number={4},
  pages={1--27},
  year={2021},
  publisher={ACM New York, NY}
}
@article{zolanvari2021trust,
  title={Trust xai: Model-agnostic explanations for ai with a case study on iiot security},
  author={Zolanvari, Maede and Yang, Zebo and Khan, Khaled and Jain, Raj and Meskin, Nader},
  journal={IEEE Internet of Things Journal},
  year={2021},
  publisher={IEEE}
}
@article{elayan2021internet,
  title={Internet of behavior (iob) and explainable ai systems for influencing iot behavior},
  author={Elayan, Haya and Aloqaily, Moayad and Guizani, Mohsen},
  journal={arXiv preprint arXiv:2109.07239},
  year={2021}
}
@article{srinivasu2022blackbox,
  title={From Blackbox to Explainable AI in Healthcare: Existing Tools and Case Studies},
  author={Srinivasu, Parvathaneni Naga and Sandhya, N and Jhaveri, Rutvij H and Raut, Roshani},
  journal={Mobile Information Systems},
  volume={2022},
  year={2022},
  publisher={Hindawi}
}
@article{dikshit2021interpretable,
  title={Interpretable and explainable AI ({XAI}) model for spatial drought prediction},
  author={Dikshit, Abhirup and Pradhan, Biswajeet},
  journal={Science of the Total Environment},
  volume={801},
  pages={149797},
  year={2021},
  publisher={Elsevier}
}
@article{von2021transparency,
  title={Transparency and the black box problem: Why we do not trust AI},
  author={von Eschenbach, Warren J},
  journal={Philosophy \& Technology},
  volume={34},
  number={4},
  pages={1607--1622},
  year={2021},
  publisher={Springer}
}
@article{rawal2021recent,
  title={Recent advances in trustworthy explainable artificial intelligence: Status, challenges and perspectives},
  author={Rawal, Atul and Mccoy, James and Rawat, Danda B and Sadler, Brian and Amant, Robert},
  journal={IEEE Transactions on Artificial Intelligence},
  volume={1},
  number={01},
  pages={1--1},
  year={2021},
  publisher={IEEE Computer Society}
}
@article{kumara2022focloud,
  title={FOCloud: Feature Model Guided Performance Prediction and Explanation for Deployment Configurable Cloud Applications},
  author={Kumara, Indika Priyantha and Ariz, Mohamed and Chhetri, Mohan Baruwal and Mohammadi, Majeed and Van Den Heuvel, Willem-Jan and Tamburri, Damian Andrew Andrew},
  journal={IEEE Transactions on Services Computing},
  year={2022},
  publisher={IEEE}
}
@article{nazar2021systematic,
  title={A systematic review of human-computer interaction and explainable artificial intelligence in healthcare with artificial intelligence techniques},
  author={Nazar, Mobeen and Alam, Muhammad Mansoor and Yafi, Eiad and Mazliham, MS},
  journal={IEEE Access},
  year={2021},
  publisher={IEEE}
}
@article{warren2020friend,
  title={Friend or frenemy? The role of trust in human-machine teaming and lethal autonomous weapons systems},
  author={Warren, Aiden and Hillas, Alek},
  journal={Small Wars \& Insurgencies},
  volume={31},
  number={4},
  pages={822--850},
  year={2020},
  publisher={Taylor \& Francis}
}
@article{deeks2019judicial,
  title={The judicial demand for explainable artificial intelligence},
  author={Deeks, Ashley},
  journal={Columbia Law Review},
  volume={119},
  number={7},
  pages={1829--1850},
  year={2019},
  publisher={JSTOR}
}
@article{van2022explainable,
  title={Explainable artificial intelligence ({XAI}) in deep learning-based medical image analysis},
  author={van der Velden, Bas HM and Kuijf, Hugo J and Gilhuijs, Kenneth GA and Viergever, Max A},
  journal={Medical Image Analysis},
  pages={102470},
  year={2022},
  publisher={Elsevier}
}
@article{meske2022explainable,
  title={Explainable artificial intelligence: objectives, stakeholders, and future research opportunities},
  author={Meske, Christian and Bunde, Enrico and Schneider, Johannes and Gersch, Martin},
  journal={Information Systems Management},
  volume={39},
  number={1},
  pages={53--63},
  year={2022},
  publisher={Taylor \& Francis}
}
@article{yang2022design,
  title={Design and Implementation of an Explainable Bidirectional LSTM Model Based on Transition System Approach for Cooperative AI-Workers},
  author={Yang, Minyeol and Moon, Junhyung and Yang, Seowon and Oh, Hyungsuk and Lee, Soojin and Kim, Yoonkyum and Jeong, Jongpil},
  journal={Applied Sciences},
  volume={12},
  number={13},
  pages={6390},
  year={2022},
  publisher={Multidisciplinary Digital Publishing Institute}
}
@article{konforti2022sign,
  title={SIGN: Statistical Inference Graphs based on probabilistic Network activity interpretation},
  author={Konforti, Yael and Shpigler, Alon and Lerner, Boaz and Hillel, Aharon Bar},
  journal={IEEE Transactions on Pattern Analysis and Machine Intelligence},
  year={2022},
  publisher={IEEE}
}
@article{kim2021multi,
  title={A multi-component framework for the analysis and design of explainable artificial intelligence},
  author={Kim, Mi-Young and Atakishiyev, Shahin and Babiker, Housam Khalifa Bashier and Farruque, Nawshad and Goebel, Randy and Za{\"\i}ane, Osmar R and Motallebi, Mohammad-Hossein and Rabelo, Juliano and Syed, Talat and Yao, Hengshuai and others},
  journal={Machine Learning and Knowledge Extraction},
  volume={3},
  number={4},
  pages={900--921},
  year={2021},
  publisher={MDPI}
}
@article{andrienko2022visual,
  title={Visual analytics for human-centered machine learning},
  author={Andrienko, Natalia and Andrienko, Gennady and Adilova, Linara and Wrobel, Stefan},
  journal={IEEE Computer Graphics and Applications},
  volume={42},
  number={1},
  pages={123--133},
  year={2022},
  publisher={IEEE}
}
@article{lipton2018mythos,
  title={The mythos of model interpretability: In machine learning, the concept of interpretability is both important and slippery.},
  author={Lipton, Zachary C},
  journal={Queue},
  volume={16},
  number={3},
  pages={31--57},
  year={2018},
  publisher={ACM New York, NY, USA}
}
@article{guidotti2018survey,
  title={A survey of methods for explaining black box models},
  author={Guidotti, Riccardo and Monreale, Anna and Ruggieri, Salvatore and Turini, Franco and Giannotti, Fosca and Pedreschi, Dino},
  journal={ACM computing surveys (CSUR)},
  volume={51},
  number={5},
  pages={1--42},
  year={2018},
  publisher={ACM New York, NY, USA}
}
@article{van2021evaluating,
  title={Evaluating {XAI}: A comparison of rule-based and example-based explanations},
  author={van der Waa, Jasper and Nieuwburg, Elisabeth and Cremers, Anita and Neerincx, Mark},
  journal={Artificial Intelligence},
  volume={291},
  pages={103404},
  year={2021},
  publisher={Elsevier}
}

@article{hewitt2020data,
  title={Data-driven optimization model customization},
  author={Hewitt, Mike and Frejinger, Emma},
  journal={European Journal of Operational Research},
  volume={287},
  number={2},
  pages={438--451},
  year={2020},
  publisher={Elsevier}
}
@article{walambe2022explainable,
  title={Explainable Misinformation Detection Across Multiple Social Media Platforms},
  author={Walambe, Rahee and Srivastava, Ananya and Yagnik, Bhargav and Hasan, Mohammed and Saiyed, Zainuddin and Joshi, Gargi and Kotecha, Ketan},
  journal={arXiv preprint arXiv:2203.11724},
  year={2022}
}
@inproceedings{jacovi2021formalizing,
  title={Formalizing trust in artificial intelligence: Prerequisites, causes and goals of human trust in ai},
  author={Jacovi, Alon and Marasovi{\'c}, Ana and Miller, Tim and Goldberg, Yoav},
  booktitle={Proceedings of the 2021 ACM conference on fairness, accountability, and transparency},
  pages={624--635},
  year={2021}
}
@inproceedings{cakan2021multi,
  title={Multi-layer perceptron decomposition architecture for mobile {IoT} indoor positioning},
  author={Cakan, Erdem and {\c{S}}ahin, Aral and Nakip, Mert and Rodoplu, Volkan},
  booktitle={2021 IEEE 7th World Forum on Internet of Things (WF-IoT)},
  pages={253--257},
  year={2021},
  organization={IEEE}
}
@article{mansouri2022deep,
  title={A deep explainable model for fault prediction using {IoT} sensors},
  author={Mansouri, Taha and Vadera, Sunil},
  journal={IEEE Access},
  year={2022},
  publisher={IEEE}
}
@inproceedings{nguyen2021holistic,
  title={Holistic Explainability Requirements for End-to-End Machine Learning in {IoT} Cloud Systems},
  author={Nguyen, My-Linh and Phung, Thao and Ly, Duong-Hai and Truong, Hong-Linh},
  booktitle={2021 IEEE 29th International Requirements Engineering Conference Workshops (REW)},
  pages={188--194},
  year={2021},
  organization={IEEE}
}
%%% Survey
@article{adadi2018peeking,
  title={Peeking {I}nside the {B}lack-{B}ox: {A} {S}urvey on {E}xplainable {A}rtificial {I}ntelligence {(XAI)}},
  author={Adadi, Amina and Berrada, Mohammed},
  journal={IEEE Access},
  volume={6},
  pages={52138--52160},
  year={2018},
  publisher={IEEE},
}

@article{arrieta2020explainable,
  title={Explainable {A}rtificial {I}ntelligence {(XAI)}: {C}oncepts, {T}axonomies, {O}pportunities and {C}hallenges {T}oward {R}esponsible {AI}},
  author={Arrieta, Alejandro Barredo and D{\'\i}az-Rodr{\'\i}guez, Natalia and Del Ser, Javier and Bennetot, Adrien and Tabik, Siham and Barbado, Alberto and Garc{\'\i}a, Salvador and Gil-L{\'o}pez, Sergio and Molina, Daniel and Benjamins, Richard and others},
  journal={Information Fusion},
  volume={58},
  pages={82--115},
  year={2020},
  publisher={Elsevier},
}

@inproceedings{alonso2018bibliometric,
  title={A {B}ibliometric {A}nalysis of the {E}xplainable {A}rtificial {I}ntelligence {R}esearch {F}ield},
  author={Alonso, Jose M and Castiello, Ciro and Mencar, Corrado},
  booktitle={International Conference on Information Processing and Management of Uncertainty in Knowledge-Based Systems},
  pages={3--15},
  year={2018},
  organization={Springer},
}

@inproceedings{mathews2019explainable,
  title={Explainable {A}rtificial {I}ntelligence {A}pplications in {NLP}, {B}iomedical, and {M}alware {C}lassification: {A} {L}iterature {R}eview},
  author={Mathews, Sherin Mary},
  booktitle={Intelligent Computing-Proceedings of the Computing Conference},
  pages={1269--1292},
  year={2019},
  organization={Springer},
}

@article{hagras2018toward,
  title={Toward {H}uman-understandable, {E}xplainable {AI}},
  author={Hagras, Hani},
  journal={Computer},
  volume={51},
  number={9},
  pages={28--36},
  year={2018},
  publisher={IEEE},
}

@article{loke2021achieving,
  title={Achieving {E}thical {A}lgorithmic {B}ehaviour in the {I}nternet-of-{T}hings: {A} {R}eview},
  author={Loke, Seng W},
  journal={IoT},
  volume={2},
  number={3},
  pages={401--427},
  year={2021},
  publisher={Multidisciplinary Digital Publishing Institute}
}
@article{confalonieri2021historical,
  title={A {H}istorical {P}erspective of {E}xplainable {A}rtificial {I}ntelligence},
  author={Confalonieri, Roberto and Coba, Ludovik and Wagner, Benedikt and Besold, Tarek R},
  journal={Wiley Interdisciplinary Reviews: Data Mining and Knowledge Discovery},
  volume={11},
  number={1},
  pages={e1391},
  year={2021},
  publisher={Wiley Online Library},
}

@article{pham2020survey,
  title={A survey of multi-access edge computing in {5G} and beyond: Fundamentals, technology integration, and state-of-the-art},
  author={Pham, Quoc-Viet and Fang, Fang and Ha, Vu Nguyen and Piran, Md Jalil and Le, Mai and Le, Long Bao and Hwang, Won-Joo and Ding, Zhiguo},
  journal={IEEE Access},
  volume={8},
  pages={116974--117017},
  year={2020},
  publisher={IEEE}
}

@article{hussain2021explainable,
  title={Explainable {A}rtificial {I}ntelligence ({XAI}): {A}n {E}ngineering {P}erspective},
  author={Hussain, F and Hussain, R and Hossain, E},
  journal={arXiv preprint arXiv:2101.03613},
  year={2021},
}

@article{das2020opportunities,
  title={Opportunities and {C}hallenges in {E}xplainable {A}rtificial {I}ntelligence ({XAI}): {A} {S}urvey},
  author={Das, Arun and Rad, Paul},
  journal={arXiv preprint arXiv:2006.11371},
  year={2020},
}

@article{vassiliades2021argumentation,
  title={Argumentation and {E}xplainable {A}rtificial {I}ntelligence: {A} {S}urvey},
  author={Vassiliades, Alexandros and Bassiliades, Nick and Patkos, Theodore},
  journal={The Knowledge Engineering Review},
  volume={36},
  year={2021},
  publisher={Cambridge University Press}
}

@inproceedings{luckey2020artificial,
  title={Artificial {I}ntelligence {T}echniques for {S}mart {C}ity {A}pplications},
  author={Luckey, Daniel and Fritz, Henrieke and Legatiuk, Dmitrii and Dragos, Kosmas and Smarsly, Kay},
  booktitle={International Conference on Computing in Civil and Building Engineering},
  pages={3--15},
  year={2020},
  organization={Springer}
}

@article{ashima2021automation,
  title={Automation and {M}anufacturing of {S}mart {M}aterials in {A}dditive {M}anufacturing {T}echnologies using {I}nternet of {T}hings towards the {A}doption of {I}ndustry 4.0},
  author={Ashima, Reem and Haleem, Abid and Bahl, Shashi and Javaid, Mohd and Mahla, Sunil Kumar and Singh, Someet},
  journal={Materials Today: Proceedings},
  year={2021},
  publisher={Elsevier}
}

%%%%  Section II %%%%%
%%Trustworthiness of IoT Systems
@article{sicari2015security,
  title={Security, {P}rivacy and {T}rust in {I}nternet of {T}hings: The {R}oad {A}head},
  author={Sicari, Sabrina and Rizzardi, Alessandra and Grieco, Luigi Alfredo and Coen-Porisini, Alberto},
  journal={Computer Networks},
  volume={76},
  pages={146--164},
  year={2015},
  publisher={Elsevier}
}

@article{yan2014survey,
  title={A {S}urvey on {T}rust {M}anagement for {I}nternet of {T}hings},
  author={Yan, Zheng and Zhang, Peng and Vasilakos, Athanasios V},
  journal={Journal of Network and Computer Applications},
  volume={42},
  pages={120--134},
  year={2014},
  publisher={Elsevier}
}

@inproceedings{bao2012dynamic,
  title={Dynamic {T}rust {M}anagement for {I}nternet of {T}hings {A}pplications},
  author={Bao, Fenye and Chen, Ing-Ray},
  booktitle={Proceedings of the 2012 International Workshop on Self-aware Internet of Things},
  pages={1--6},
  year={2012}
}

@article{chen2015trust,
  title={Trust-based {S}ervice {M}anagement for {S}ocial {I}nternet of {T}hings {S}ystems},
  author={Chen, Ray and Bao, Fenye and Guo, Jia},
  journal={IEEE Transactions on Dependable and Secure Computing},
  volume={13},
  number={6},
  pages={684--696},
  year={2015},
  publisher={IEEE}
}

%%Salient Features of XAI Systems
%% Healthcare
@inproceedings{ullah2016effective,
  title={Effective ways to use {I}nternet of {T}hings in the {F}ield of {M}edical and {S}mart {H}ealth care},
  author={Ullah, Kaleem and Shah, Munam Ali and Zhang, Sijing},
  booktitle={2016 International Conference on Intelligent Systems Engineering (ICISE)},
  pages={372--379},
  year={2016},
  organization={IEEE}
}

@inproceedings{zhao2011medical,
  title={Medical {A}pplication on {I}nternet of {T}hings},
  author={Zhao, Wei and Wang, Chaowei and Nakahira, Yorie},
  booktitle={IET International Conference on Communication Technology and application (ICCTA 2011)},
  pages={660--665},
  year={2011},
  organization={IET}
}

@inproceedings{bao2008new,
  title={A new {A}pproach to {A}utomated {E}pileptic {D}iagnosis using {EEG} and {P}robabilistic {N}eural {N}etwork},
  author={Bao, Forrest Sheng and Lie, Donald Yu-Chun and Zhang, Yuanlin},
  booktitle={2008 20th IEEE International Conference on Tools with Artificial Intelligence},
  volume={2},
  pages={482--486},
  year={2008},
  organization={IEEE}
}

@article{al2015internet,
  title={Internet of {T}hings: A {S}urvey on {E}nabling {T}echnologies, {P}rotocols, and {A}pplications},
  author={Al-Fuqaha, Ala and Guizani, Mohsen and Mohammadi, Mehdi and Aledhari, Mohammed and Ayyash, Moussa},
  journal={IEEE Communications Surveys \& Tutorials},
  volume={17},
  number={4},
  pages={2347--2376},
  year={2015},
  publisher={IEEE}
}

@article{domingos2012few,
  title={A {F}ew {U}seful {T}hings to {K}now about {M}achine {L}earning},
  author={Domingos, Pedro},
  journal={Communications of the ACM},
  volume={55},
  number={10},
  pages={78--87},
  year={2012},
  publisher={ACM New York, NY, USA}
}

@article{sheth2019extending,
  title={Extending {P}atient-{C}hatbot {E}xperience with {I}nternet-of-{T}hings and {B}ackground {K}nowledge: {C}ase {S}tudies with {H}ealthcare {A}pplications},
  author={Sheth, Amit and Yip, Hong Yung and Shekarpour, Saeedeh},
  journal={IEEE Intelligent Systems},
  volume={34},
  number={4},
  pages={24--30},
  year={2019},
  publisher={IEEE},
}

%Gait Recovery
@article{horst2019understanding,
  title={On the {U}nderstanding and {I}nterpretation of {M}achine {L}earning {P}redictions in {C}linical {G}ait {A}nalysis Using {E}xplainable {A}rtificial {I}ntelligence},
  author={Horst, Fabian and Slijepcevic, Djordje and Lapuschkin, Sebastian and Raberger, Anna-Maria and Zeppelzauer, Matthias and Samek, Wojciech and Breiteneder, Christian and Sch{\"o}llhorn, Wolfgang I and Horsak, Brian},
  journal={arXiv preprint arXiv:1912.07737},
  year={2019}
}

%%---Application domains of XAI in IoT
@phdthesis{islam2020domain,
  title={Domain {K}nowledge {A}ided {E}xplainable {A}rtificial {I}ntelligence},
  author={Islam, Sheikh Rabiul},
  year={2020},
  school={Tennessee Technological University},
}

@inproceedings{tsakiridis2020versatile,
  title={Versatile {I}nternet of {T}hings for {A}griculture: {A}n {eX}plainable {AI} {A}pproach},
  author={Tsakiridis, Nikolaos L and Diamantopoulos, Themistoklis and Symeonidis, Andreas L and Theocharis, John B and Iossifides, Athanasios and Chatzimisios, Periklis and Pratos, George and Kouvas, Dimitris},
  booktitle={IFIP International Conference on Artificial Intelligence Applications and Innovations},
  pages={180--191},
  year={2020},
  organization={Springer}
}

@article{garcia2019human,
  title={Human-centric {AI} for {T}rustworthy {IoT} {S}ystems with {E}xplainable {M}ultilayer {P}erceptrons},
  author={Garc{\'\i}a-Magari{\~n}o, Iv{\'a}n and Muttukrishnan, Rajarajan and Lloret, Jaime},
  journal={IEEE Access},
  volume={7},
  pages={125562--125574},
  year={2019},
  publisher={IEEE}
}

@inproceedings{oyekanlu2018distributed,
  title={Distributed {O}smotic {C}omputing {A}pproach to {I}mplementation of {E}xplainable {P}redictive {D}eep {L}earning at {I}ndustrial {IoT} {N}etwork {E}dges with {R}eal-time {A}daptive {W}avelet {G}raphs},
  author={Oyekanlu, Emmanuel},
  booktitle={2018 IEEE First International Conference on Artificial Intelligence and Knowledge Engineering (AIKE)},
  pages={179--188},
  year={2018},
  organization={IEEE}
}

@inproceedings{alonso2017building,
  title={Building {C}ognitive {C}ities with {E}xplainable {A}rtificial {I}ntelligent {S}ystems.},
  author={Alonso, Jose M and Mencar, Corrado},
  booktitle={CEx AI IA},
  year={2017},
}

%%Network Attacks Prediction:
@article{miloslavskaya2020stream,
  title={Stream {D}ata {A}nalytics for {N}etwork {A}ttacks’ {P}rediction},
  author={Miloslavskaya, Nаtalia},
  journal={Procedia Computer Science},
  volume={169},
  pages={57--62},
  year={2020},
  publisher={Elsevier},
}

%IoT Cyber Attacks using Network Traffic 
@article{akerman2019vizads,
  title={{VizADS-B}: {A}nalyzing {S}equences of {ADS-B} {I}mages {U}sing {E}xplainable {C}onvolutional {LSTM} {E}ncoder-{D}ecoder to {D}etect {C}yber {A}ttacks},
  author={Akerman, Sefi and Habler, Edan and Shabtai, Asaf},
  journal={arXiv preprint arXiv:1906.07921},
  year={2019}
}

@article{saharkhizan2020ensemble,
  title={An {E}nsemble of {D}eep {R}ecurrent {N}eural {N}etworks for {D}etecting {IoT} {C}yber {A}ttacks {U}sing {N}etwork {T}raffic},
  author={Saharkhizan, Mahdis and Azmoodeh, Amin and Dehghantanha, Ali and Choo, Kim-Kwang Raymond and Parizi, Reza M},
  journal={IEEE Internet of Things Journal},
  volume={7},
  number={9},
  pages={8852--8859},
  year={2020},
  publisher={IEEE}
}

%Cyber security
@article{hernandez2019toward,
  title={Toward a {D}ata-{D}riven {S}ociety: A {T}echnological {P}erspective on the {D}evelopment of {C}ybersecurity and {D}ata-{P}rotection {P}olicies},
  author={Hernandez-Ramos, Jose L and Geneiatakis, Dimitrios and Kounelis, Ioannis and Steri, Gary and Fovino, Igor Nai},
  journal={IEEE Security \& Privacy},
  volume={18},
  number={1},
  pages={28--38},
  year={2019},
  publisher={IEEE}
}

@article{nguyen2021federated,
  title={Federated {L}earning {M}eets {B}lockchain in {E}dge {C}omputing: {O}pportunities and {C}hallenges},
  author={Nguyen, Dinh C and Ding, Ming and Pham, Quoc-Viet and Pathirana, Pubudu N and Le, Long Bao and Seneviratne, Aruna and Li, Jun and Niyato, Dusit and Poor, H Vincent},
  journal={IEEE Internet of Things Journal},
  year={2021},
  volume={8},
  number={16},
  pages={12806-12825},
  publisher={IEEE}
}

@article{kim2020blockchain,
  title={Blockchain-{B}ased {D}ata-{P}reserving {AI} {L}earning {E}nvironment {M}odel for {AI} {C}ybersecurity {S}ystems in {IoT} {S}ervice {E}nvironments},
  author={Kim, Jinsu and Park, Namje},
  journal={Applied Sciences},
  volume={10},
  number={14},
  pages={4718},
  year={2020},
  publisher={Multidisciplinary Digital Publishing Institute}
}

%Wireless
@article{guo2020explainable,
  title={Explainable {A}rtificial {I}ntelligence for {6G}: {I}mproving {T}rust between {H}uman and {M}achine},
  author={Guo, Weisi},
  journal={IEEE Communications Magazine},
  volume={58},
  number={6},
  pages={39--45},
  year={2020},
  publisher={IEEE},
}

%Intrusion detection systems
@inproceedings{marino2018adversarial,
  title={An {A}dversarial {A}pproach for {E}xplainable {AI} in {I}ntrusion {D}etection {S}ystems},
  author={Marino, Daniel L and Wickramasinghe, Chathurika S and Manic, Milos},
  booktitle={IECON 2018-44th Annual Conference of the IEEE Industrial Electronics Society},
  pages={3237--3243},
  year={2018},
  organization={IEEE}
}

@inproceedings{amarasinghe2018improving,
  title={Improving {U}ser {T}rust on {D}eep {N}eural {N}etworks based {I}ntrusion {D}etection {S}ystems},
  author={Amarasinghe, Kasun and Manic, Milos},
  booktitle={IECON 2018-44th Annual Conference of the IEEE Industrial Electronics Society},
  pages={3262--3268},
  year={2018},
  organization={IEEE}
}

@article{islam2019domain,
  title={Domain {K}nowledge {A}ided {E}xplainable {A}rtificial {I}ntelligence for {I}ntrusion {D}etection and {R}esponse},
  author={Islam, Sheikh Rabiul and Eberle, William and Ghafoor, Sheikh K and Siraj, Ambareen and Rogers, Mike},
  journal={arXiv preprint arXiv:1911.09853},
  year={2019}
}

%Malware
%Secure cloud-edge
@article{forti2020secure,
  title={Secure {C}loud-edge {D}eployments, with {T}rust},
  author={Forti, Stefano and Ferrari, Gian-Luigi and Brogi, Antonio},
  journal={Future Generation Computer Systems},
  volume={102},
  pages={775--788},
  year={2020},
  publisher={Elsevier}
}

@article{casola2020security,
  title={Security-aware {D}eployment {O}ptimization of {C}loud-{E}dge {S}ystems in {I}ndustrial {IoT}},
  author={Casola, Valentina and De Benedictis, Alessandra and Di Martino, Sergio and Mazzocca, Nicola and Starace, Luigi Libero Lucio},
  journal={IEEE Internet of Things Journal},
  volume={8},
  number={16},
  pages={12724--12733},
  year={2020},
  publisher={IEEE}
}


@article{celesti2019approach,
  title={An {A}pproach for the {S}ecure {M}anagement of {H}ybrid {C}loud--{E}dge {E}nvironments},
  author={Celesti, Antonio and Fazio, Maria and Galletta, Antonino and Carnevale, Lorenzo and Wan, Jiafu and Villari, Massimo},
  journal={Future Generation Computer Systems},
  volume={90},
  pages={1--19},
  year={2019},
  publisher={Elsevier}
}

@article{shirazi2017extended,
  title={The {E}xtended {C}loud: {R}eview and {A}nalysis of {M}obile {E}dge {C}omputing and {F}og from a {S}ecurity and {R}esilience {P}erspective},
  author={Shirazi, Syed Noorulhassan and Gouglidis, Antonios and Farshad, Arsham and Hutchison, David},
  journal={IEEE Journal on Selected Areas in Communications},
  volume={35},
  number={11},
  pages={2586--2595},
  year={2017},
  publisher={IEEE}
}

%Complex Network Analysis
@inproceedings{zhang2020petit,
  title={{PeTIT}: {P}erceiving the {T}echnological {I}nnovation {T}rends via the {H}euristic {M}odel of {C}ommunity {D}etection},
  author={Zhang, Hecan and Guo, Xin and Yi, Chengqi and Dou, Yue and Chen, Dong and Tong, Nannan and Wang, Jiandong},
  booktitle={2020 2nd International Conference on Computer Communication and the Internet (ICCCI)},
  pages={158--163},
  year={2020},
  organization={IEEE}
}

%%Robot Agents
@inproceedings{anjomshoae2019explainable,
  title={Explainable {A}gents and {R}obots: {R}esults from a {S}ystematic {L}iterature {R}eview},
  author={Anjomshoae, Sule and Najjar, Amro and Calvaresi, Davide and Fr{\"a}mling, Kary},
  booktitle={18th International Conference on Autonomous Agents and Multiagent Systems (AAMAS 2019), Montreal, Canada, May 13--17, 2019},
  pages={1078--1088},
  year={2019},
  organization={International Foundation for Autonomous Agents and Multiagent Systems},
}

%%Environment Monitoring
@article{kim2020implementation,
  title={Implementation of {M}onitoring {S}ystem of the {L}iving {W}aste based on {A}rtificial {I}ntelligence and {IoT}},
  author={Kim, Sang-Hyun and Kang, Young-Hoon and Yoon, Dal-Hwan},
  journal={Journal of IKEEE},
  volume={24},
  number={1},
  pages={302--310},
  year={2020},
  publisher={Institute of Korean Electrical and Electronics Engineers},
}

%%Industrial IoT
@inproceedings{christou2020predictive,
  title={Predictive and {E}xplainable {M}achine {L}earning for {I}ndustrial {I}nternet of {T}hings {A}pplications},
  author={Christou, Ioannis T and Kefalakis, Nikos and Zalonis, Andreas and Soldatos, John},
  booktitle={2020 16th International Conference on Distributed Computing in Sensor Systems (DCOSS)},
  pages={213--218},
  year={2020},
  organization={IEEE},
}

@article{rehse2019towards,
  title={Towards {E}xplainable {P}rocess {P}redictions for {I}ndustry 4.0 in the {DFKI}-smart-lego-factory},
  author={Rehse, Jana-Rebecca and Mehdiyev, Nijat and Fettke, Peter},
  journal={KI-K{\"u}nstliche Intelligenz},
  volume={33},
  number={2},
  pages={181--187},
  year={2019},
  publisher={Springer},
}

%IoT Reference architecture
@article{el2020laying,
  title={Laying the {F}oundations for an {IoT} {R}eference {A}rchitecture for {A}gricultural {A}pplication {D}omain},
  author={El-Basioni, Basma M Mohammad and Abd El-Kader, Sherine M},
  journal={IEEE Access},
  volume={8},
  pages={190194--190230},
  year={2020},
  publisher={IEEE}
}

%Distributed Reinforcement Learning
@article{manchella2021flexpool,
  title={Flexpool: {A} {D}istributed {M}odel-free {D}eep {R}einforcement {L}earning {A}lgorithm for {J}oint {P}assengers and {G}oods {T}ransportation},
  author={Manchella, Kaushik and Umrawal, Abhishek K and Aggarwal, Vaneet},
  journal={IEEE Transactions on Intelligent Transportation Systems},
  volume={22},
  number={4},
  pages={2035--2047},
  year={2021},
  publisher={IEEE},
}

@article{temesgene2020distributed,
  title={Distributed {D}eep {R}einforcement {L}earning for {F}unctional {S}plit {C}ontrol in {E}nergy {H}arvesting {V}irtualized {S}mall {C}ells},
  author={Temesgene, Dagnachew Azene and Miozzo, Marco and Gunduz, Deniz and Dini, Paolo},
  journal={IEEE Transactions on Sustainable Computing},
  year={2020},
  publisher={IEEE},
}

@inproceedings{toromanoff2020end,
  title={End-to-end {M}odel-free {R}einforcement {L}earning for {U}rban {D}riving {U}sing {I}mplicit {A}ffordances},
  author={Toromanoff, Marin and Wirbel, Emilie and Moutarde, Fabien},
  booktitle={Proceedings of the IEEE/CVF Conference on Computer Vision and Pattern Recognition},
  pages={7153--7162},
  year={2020},
}

@article{hayes2021practical,
  title={A {P}ractical {G}uide to {M}ulti-{O}bjective {R}einforcement {L}earning and {P}lanning},
  author={Hayes, Conor F and R{\u{a}}dulescu, Roxana and Bargiacchi, Eugenio and K{\"a}llstr{\"o}m, Johan and Macfarlane, Matthew and Reymond, Mathieu and Verstraeten, Timothy and Zintgraf, Luisa M and Dazeley, Richard and Heintz, Fredrik and others},
  journal={Autonomous Agents and Multi-Agent Systems},
  volume={36},
  number={1},
  pages={1--59},
  year={2022},
  publisher={Springer},
}

@article{dulac2021challenges,
  title={Challenges of {R}eal-world {R}einforcement {L}earning: {D}efinitions, {B}enchmarks and {A}nalysis},
  author={Dulac-Arnold, Gabriel and Levine, Nir and Mankowitz, Daniel J and Li, Jerry and Paduraru, Cosmin and Gowal, Sven and Hester, Todd},
  journal={Machine Learning},
  pages={1--50},
  year={2021},
  publisher={Springer},
}

@article{feriani2021single,
  title={Single and {M}ulti-agent {D}eep {R}einforcement {L}earning for {AI}-enabled {W}ireless {N}etworks: A tutorial},
  author={Feriani, Amal and Hossain, Ekram},
  journal={IEEE Communications Surveys \& Tutorials},
  year={2021},
  volume={23},
  number={2},
  pages={1226-1252},
  doi={10.1109/COMST.2021.3063822},
  publisher={IEEE},
}

@article{hu2021distributed,
  title={Distributed {M}achine {L}earning for {W}ireless {C}ommunication {N}etworks: {T}echniques, {A}rchitectures, and {A}pplications},
  author={Hu, Shuyan and Chen, Xiaojing and Ni, Wei and Hossain, Ekram and Wang, Xin},
  journal={IEEE Communications Surveys \& Tutorials},
  year={2021},
  volume={23},
  number={3},
  pages={1458-1493},
  doi={10.1109/COMST.2021.3086014},
  publisher={IEEE}
}
%Distributed Supervised Learning\
@article{verbraeken2020survey,
  title={A {S}urvey on {D}istributed {M}achine {L}earning},
  author={Verbraeken, Joost and Wolting, Matthijs and Katzy, Jonathan and Kloppenburg, Jeroen and Verbelen, Tim and Rellermeyer, Jan S},
  journal={ACM Computing Surveys (CSUR)},
  volume={53},
  number={2},
  pages={1--33},
  year={2020},
  publisher={ACM New York, NY, USA}
}

@article{grossberg2021attention,
  title={Attention: {M}ultiple types, {B}rain {R}esonances, {P}sychological {F}unctions, and {C}onscious {S}tates},
  author={Grossberg, Stephen},
  journal={Journal of Integrative Neuroscience},
  volume={20},
  number={1},
  pages={197--232},
  year={2021},
}

@article{grossberg2020toward,
  title={Toward {A}utonomous {A}daptive {I}ntelligence: {B}uilding {U}pon {N}eural {M}odels of {H}ow {B}rains {M}ake {M}inds},
  author={Grossberg, Stephen},
  journal={IEEE Transactions on Systems, Man, and Cybernetics: Systems},
  year={2021},
  volume={51},
  number={1},
  pages={51-75},
  doi={10.1109/TSMC.2020.3041476},
  publisher={IEEE},
}

@article{malandrino2021network,
  author={Malandrino, Francesco and Chiasserini, Carla Fabiana and Molner, Nuria and Oliva, Antonio de la},
  journal={IEEE/ACM Transactions on Networking}, 
  title={Network Support for High-Performance Distributed Machine Learning}, 
  year={2022},
  volume={},
  number={},
  pages={},
  doi={10.1109/TNET.2022.3189077},
}

@article{rapp2020distributed,
  title={Distributed {L}earning on {H}eterogeneous {R}esource-constrained {D}evices},
  author={Rapp, Martin and Khalili, Ramin and Henkel, J{\"o}rg},
  journal={arXiv preprint arXiv:2006.05403},
  year={2020},
}

@article{chen2021communication,
  title={Communication-Efficient {P}olicy {G}radient {M}ethods for {D}istributed {R}einforcement {L}earning},
  author={Chen, Tianyi and Zhang, Kaiqing and Giannakis, Georgios B and Basar, Tamer},
  journal={IEEE Transactions on Control of Network Systems},
  year={2021},
  publisher={IEEE},
}

%Federated Learning
@article{zhang2021federated,
  title={Federated {T}ransfer {L}earning for {I}ntelligent {F}ault {D}iagnostics {U}sing {D}eep {A}dversarial {N}etworks with {D}ata {P}rivacy},
  author={Zhang, Wei and Li, Xiang},
  journal={IEEE/ASME Transactions on Mechatronics},
  year={2021},
  publisher={IEEE},
}

@article{liu2020federated,
  title={Federated {L}earning for {6G} {C}ommunications: {C}hallenges, {M}ethods, and {F}uture {D}irections},
  author={Liu, Yi and Yuan, Xingliang and Xiong, Zehui and Kang, Jiawen and Wang, Xiaofei and Niyato, Dusit},
  journal={China Communications},
  volume={17},
  number={9},
  pages={105--118},
  year={2020},
  publisher={IEEE},
}

@article{li2019survey,
  title={A {S}urvey on {F}ederated {L}earning {S}ystems: {V}ision, {H}ype and {R}eality for {D}ata {P}rivacy and {P}rotection},
  author={Li, Qinbin and Wen, Zeyi and Wu, Zhaomin and Hu, Sixu and Wang, Naibo and Li, Yuan and Liu, Xu and He, Bingsheng},
  journal={IEEE Transactions on Knowledge and Data Engineering}, 
  title={A Survey on Federated Learning Systems: Vision, Hype and Reality for Data Privacy and Protection}, 
  year={2021},
  volume={},
  number={},
  pages={},
  doi={10.1109/TKDE.2021.3124599},
}

@inproceedings{kamel2020retrospective,
  title={Retrospective {S}ensing {B}ased on {F}ederated {L}earning in the {IoT}},
  author={Kamel, Rafiq Mazen and El Mougy, Amr},
  booktitle={2020 IEEE 45th LCN Symposium on Emerging Topics in Networking (LCN Symposium)},
  pages={150--161},
  year={2020},
  organization={IEEE},
}

@article{tan2021towards,
  title={Towards {P}ersonalized {F}ederated {L}earning},
  author={Tan, Alysa Ziying and Yu, Han and Cui, Lizhen and Yang, Qiang},
  journal={arXiv preprint arXiv:2103.00710},
  year={2021},
}

@article{xiao2020towards,
  title={Towards {U}biquitous {AI} in {6G} with {F}ederated {L}earning},
  author={Xiao, Yong and Shi, Guangming and Krunz, Marwan},
  journal={arXiv preprint arXiv:2004.13563},
  year={2020},
}

@inproceedings{hsu2020privacy,
  title={A {P}rivacy-Preserving {F}ederated {L}earning {S}ystem for {A}ndroid {M}alware {D}etection {B}ased on {E}dge {C}omputing},
  author={Hsu, Ruei-Hau and Wang, Yi-Cheng and Fan, Chun-I and Sun, Bo and Ban, Tao and Takahashi, Takeshi and Wu, Ting-Wei and Kao, Shang-Wei},
  booktitle={2020 15th Asia Joint Conference on Information Security (AsiaJCIS)},
  pages={128--136},
  year={2020},
  organization={IEEE},
}

%Blockchain Based Distributed Learning
@article{chen2021distributed,
  title={Distributed {L}earning {D}ynamics of {M}ulti-armed {B}andits for {E}dge {I}ntelligence},
  author={Chen, Shuzhen and Tao, Youming and Yu, Dongxiao and Li, Feng and Gong, Bei},
  journal={Journal of Systems Architecture},
  volume={114},
  pages={101919},
  year={2021},
  publisher={Elsevier},
}

@article{otoum2021preventing,
  title={Preventing and {C}ontrolling {E}pidemics through {B}lockchain-{A}ssisted {AI}-{E}nabled {N}etworks},
  author={Otoum, Safa and Al Ridhawi, Ismaeel and Mouftah, Hussein T},
  journal={IEEE Network},
  volume={35},
  number={3},
  pages={34--41},
  year={2021},
  publisher={IEEE}
}

@article{rahman2020secure,
  title={Secure and {P}rovenance {E}nhanced {I}nternet of {H}ealth {T}hings {F}ramework: {A} {B}lockchain {M}anaged {F}ederated {L}earning {A}pproach},
  author={Rahman, Mohamed Abdur and Hossain, M Shamim and Islam, Mohammad Saiful and Alrajeh, Nabil A and Muhammad, Ghulam},
  journal={IEEE Access},
  volume={8},
  pages={205071--205087},
  year={2020},
  publisher={IEEE},
}

@article{hussain2020machine,
  title={Machine {L}earning for {R}esource {M}anagement in {C}ellular and {IoT} {N}etworks: {P}otentials, {C}urrent {S}olutions, and {O}pen {C}hallenges},
  author={Hussain, Fatima and Hassan, Syed Ali and Hussain, Rasheed and Hossain, Ekram},
  journal={IEEE Communications Surveys \& Tutorials},
  volume={22},
  number={2},
  pages={1251--1275},
  year={2020},
  publisher={IEEE},
}

@inproceedings{ur2020towards,
  title={Towards {B}lockchain-based {R}eputation-aware {F}ederated {L}earning},
  author={ur Rehman, Muhammad Habib and Salah, Khaled and Damiani, Ernesto and Svetinovic, Davor},
  booktitle={IEEE INFOCOM 2020-IEEE Conference on Computer Communications Workshops (INFOCOM WKSHPS)},
  pages={183--188},
  year={2020},
  organization={IEEE},
}

@article{yao2019recommendations,
  title={Recommendations on the {I}nternet of {T}hings: {R}equirements, {C}hallenges, and {D}irections},
  author={Yao, Lina and Wang, Xianzhi and Sheng, Quan Z and Dustdar, Schahram and Zhang, Shuai},
  journal={IEEE Internet Computing},
  volume={23},
  number={3},
  pages={46--54},
  year={2019},
  publisher={IEEE},
}

@inproceedings{rawat2021secure,
  title={Secure and {T}rustworthy {M}achine {L}earning / {A}rtificial {I}ntelligence for {M}ulti-domain {O}perations},
  author={Rawat, Danda B},
  booktitle={Artificial Intelligence and Machine Learning for Multi-Domain Operations Applications III},
  volume={11746},
  pages={1174609},
  year={2021},
  organization={International Society for Optics and Photonics},
}

@inproceedings{marulli2020security,
  title={A {S}ecurity-Oriented {A}rchitecture for {F}ederated {L}earning in {C}loud {E}nvironments},
  author={Marulli, Fiammetta and Bellini, Emanuele and Marrone, Stefano},
  booktitle={Workshops of the International Conference on Advanced Information Networking and Applications},
  pages={730--741},
  year={2020},
  organization={Springer},
}

%Potential to Meet 6G requirements for IoT}
%Massive ultra-reliable, low latency communications (mURLLC)} 
@article{gupta20216g,
  title={{6G}-enabled {E}dge {I}ntelligence for {U}ltra-Reliable {L}ow {L}atency {A}pplications: {V}ision and {M}ission},
  author={Gupta, Rajesh and Reebadiya, Dakshita and Tanwar, Sudeep},
  journal={Computer Standards \& Interfaces},
  volume={77},
  pages={103521},
  year={2021},
  publisher={Elsevier},
}

@ARTICLE{9536411,
author={Hou, Boyu and Gao, Jiqiang and Guo, Xiaojie and Baker, Thar and Zhang, Ying and Wen, Yanlong and Liu, Zheli},
journal={IEEE Transactions on Industrial Informatics}, 
title={Mitigating the Backdoor Attack by Federated Filters for Industrial {IoT} Applications},
year={2021},
volume={},
number={},
pages={},
doi={10.1109/TII.2021.3112100}}

@inproceedings{zhao2021survey,
  title={A {S}urvey of {6G} {W}ireless {C}ommunications: {E}merging {T}echnologies},
  author={Zhao, Yang and Zhao, Jun and Zhai, Wenchao and Sun, Sumei and Niyato, Dusit and Lam, Kwok-Yan},
  booktitle={Future of Information and Communication Conference},
  pages={150--170},
  year={2021},
  organization={Springer}
}

@article{zhao2020comprehensive,
  title={A {C}omprehensive {S}urvey of {6G} {W}ireless {C}ommunications},
  author={Zhao, Yang and Zhai, Wenchao and Zhao, Jun and Zhang, Tinghao and Sun, Sumei and Niyato, Dusit and Lam, Kwok-Yan},
  journal={arXiv preprint arXiv:2101.03889},
  year={2020},
}

%Scalable Architecture

@article{wu2020cloud,
  title={Cloud-edge {O}rchestration for the {I}nternet-of-Things: {A}rchitecture and {AI}-powered {D}ata {P}rocessing},
  author={Wu, Yulei},
  journal={IEEE Internet of Things Journal},
  volume={8},
  number={16},
  pages={12792--12805},
  year={2020},
  publisher={IEEE}
}


@article{rahimi2021design,
  title={Design and {S}imulation of a {H}ybrid {A}rchitecture for {E}dge {C}omputing in {5G} and {B}eyond},
  author={Rahimi, Hamed and Picaud, Yvan and Singh, Kamal and Madhusudan, Giyyarpuram and Costanzo, Salvatore and Boissier, Olivier},
  journal={IEEE Transactions on Computers},
  year={2021},
  publisher={IEEE},
}

%Massive Access
@article{akhtar2020shift,
  title={The {S}hift to {6G} {C}ommunications: {V}ision and {R}equirements},
  author={Akhtar, Muhammad Waseem and Hassan, Syed Ali and Ghaffar, Rizwan and Jung, Haejoon and Garg, Sahil and Hossain, M Shamim},
  journal={Human-centric Computing and Information Sciences},
  volume={10},
  number={1},
  pages={1--27},
  year={2020},
  publisher={Springer},
}

@article{lopez2021digital,
  title={Digital {T}wins for {I}ntelligent {A}uthorization in the {B5G}-Enabled {S}mart {G}rid},
  author={Lopez, Javier and Rubio, Juan E and Alcaraz, Cristina},
  journal={IEEE Wireless Communications},
  volume={28},
  number={2},
  pages={48--55},
  year={2021},
  publisher={IEEE},
}

@article{qi2020integration,
  title={Integration of {E}nergy, {C}omputation and {C}ommunication in {6G} {C}ellular {I}nternet of {T}hings},
  author={Qi, Qiao and Chen, Xiaoming and Zhong, Caijun and Zhang, Zhaoyang},
  journal={IEEE Communications Letters},
  volume={24},
  number={6},
  pages={1333--1337},
  year={2020},
  publisher={IEEE},
}

@article{jang2021resource,
  title={Resource-Hopping {B}ased {G}rant-Free {M}ultiple {A}ccess for {6G-Enabled} {M}assive {IoT} {N}etworks},
  author={Jang, Han Seung and Jung, Bang Chul and Quek, Tony QS and Sung, Dan Keun},
  journal={IEEE Internet of Things Journal},
  year={2021},
  volume={8},
  number={20},
  pages={15349-15360},
  doi={10.1109/JIOT.2021.3064872},
  publisher={IEEE},
}

@article{lv2021big,
  title={Big {D}ata {A}nalytics for {6G-Enabled} {M}assive {I}nternet of {T}hings},
  author={Lv, Zhihan and Lou, Ranran and Li, Jinhua and Singh, Amit Kumar and Song, Houbing},
  journal={IEEE Internet of Things Journal},
  volume={8},
  number={7},
  pages={5350--5359},
  year={2021},
  publisher={IEEE},
}

@article{abbas2020grant,
  title={Grant-free {N}on-orthogonal {M}ultiple {A}ccess: {A} {K}ey {E}nabler for {6G-IoT}},
  author={Abbas, Rana and Huang, Tao and Shahab, Basit and Shirvanimoghaddam, Mahyar and Li, Yonghui and Vucetic, Branka},
  journal={arXiv preprint arXiv:2003.10257},
  year={2020},
}

@article{mursia2020risma,
  title={{RISMA}: {R}econfigurable {I}ntelligent {S}urfaces {E}nabling {B}eamforming for {IoT} {M}assive {A}ccess},
  author={Mursia, Placido and Sciancalepore, Vincenzo and Garcia-Saavedra, Andres and Cottatellucci, Laura and Costa-P{\'e}rez, Xavier and Gesbert, David},
  journal={IEEE Journal on Selected Areas in Communications},
  year={2020},
  publisher={IEEE},
}
@article{du2020machine,
  title={Machine {L}earning for {6G} {W}ireless {N}etworks: {C}arrying {F}orward {E}nhanced {B}andwidth, {M}assive {A}ccess, and {U}ltrareliable / {L}ow-Latency {S}ervice},
  author={Du, Jun and Jiang, Chunxiao and Wang, Jian and Ren, Yong and Debbah, Merouane},
  journal={IEEE Vehicular Technology Magazine},
  volume={15},
  number={4},
  pages={122--134},
  year={2020},
  publisher={IEEE},
}

@article{yuan2021noma,
  title={{NOMA} for {N}ext-generation {M}assive {IoT}: {P}erformance {P}otential and {T}echnology {D}irections},
  author={Yuan, Yifei and Wang, Sen and Wu, Yongpeng and Poor, H Vincent and Ding, Zhiguo and You, Xiaohu and Hanzo, Lajos},
  year={2021},
  volume={59},
  number={7},
  pages={115-121},
  doi={10.1109/MCOM.001.2000997},
}

%Green Communication
@article{verma2020towards,
  title={Towards {G}reen {C}ommunication in {6G}-enabled {M}assive {I}nternet of {T}hings},
  author={Verma, Sandeep and Kaur, Satnam and Khan, Mohammad Ayoub and Sehdev, Paramjit S},
  journal={IEEE Internet of Things Journal},
  year={2021},
  volume={8},
  number={7},
  pages={5408-5415},
  doi={10.1109/JIOT.2020.3038804},
  publisher={IEEE},
}

@article{chowdhury2019role,
  title={The {R}ole of {O}ptical {W}ireless {C}ommunication {T}echnologies in {5G/6G} and {IoT} {S}olutions: {P}rospects, {D}irections, and {C}hallenges},
  author={Chowdhury, Mostafa Zaman and Shahjalal, Md and Hasan, Moh and Jang, Yeong Min and others},
  journal={Applied Sciences},
  volume={9},
  number={20},
  pages={4367},
  year={2019},
  publisher={Multidisciplinary Digital Publishing Institute},
}

@article{wang2020base,
  title={Base {S}tation {W}ake-up {S}trategy in {C}ellular {N}etworks with {H}ybrid {E}nergy {S}upplies for {6G} {N}etworks in an {IoT} {E}nvironment},
  author={Wang, Heng and Huang, Min and Zhao, Zhenzhen and Guo, Zhiwei and Wang, Zhenfeng and Li, Menghan},
  journal={IEEE Internet of Things Journal},
  year={2020},
  publisher={IEEE},
}

@article{zhang2021learning,
  title={Learning {B}ased {F}lexible {C}ross-layer {O}ptimization for {U}ltra-reliable and {L}ow {L}atency {A}pplications in {IoT} {S}cenarios},
  author={Zhang, Jingxuan and Xu, Xiaodong and Zhang, Kangjie and Han, Shujun and Tao, Xiaofeng and Zhang, Ping},
  journal={IEEE Internet of Things Journal},
  year={2021},
  publisher={IEEE},
}

@article{niu2020green,
  title={Green communication and networking: A new horizon},
  author={Niu, Zhisheng},
  journal={IEEE Transactions on Green Communications and Networking},
  volume={4},
  number={3},
  pages={629--630},
  year={2020},
  publisher={IEEE}
}

@article{dagnaw2020intelligent,
  title={The {I}ntelligent {S}ix {G}eneration {N}etworks for {G}reen {C}ommunication {E}nvironment},
  author={Dagnaw, Gizealew Alazie and others},
  year={2020},
  publisher={Open Access Journals},
}

@article{dai2020uav,
  title={{UAV-aided} {W}ireless {C}ommunication {D}esign with {E}nergy {C}onstraint in {S}pace-air-ground {I}ntegrated {G}reen {IoT} {N}etworks},
  author={Dai, Haibo and Bian, Hui and Li, Chunguo and Wang, Baoyun},
  journal={IEEE Access},
  volume={8},
  pages={86251--86261},
  year={2020},
  publisher={IEEE},
}

@article{guo2021enabling,
  title={Enabling {M}assive {IoT} {T}oward {6G}: {A} {C}omprehensive {S}urvey},
  author={Guo, Fengxian and Yu, F Richard and Zhang, Heli and Li, Xi and Ji, Hong and Leung, Victor CM},
  journal={IEEE Internet of Things Journal},
  volume={8},
  number={15},
  pages={11891--11915},
  year={2021},
  publisher={IEEE}
}
@article{chen2020towards,
  title={Towards {6G} {I}nternet of {T}hings and the {C}onvergence with {RoF} {S}ystem},
  author={Chen, Na and Okada, Minoru},
  journal={IEEE Internet of Things Journal},
  year={2020},
  publisher={IEEE},
}

@article{sarhan2021explainable,
  title={An {E}xplainable {M}achine {L}earning-based {N}etwork {I}ntrusion {D}etection {S}ystem for {E}nabling {G}eneralisability in {S}ecuring {IoT} {N}etworks},
  author={Sarhan, Mohanad and Layeghy, Siamak and Portmann, Marius},
  journal={arXiv preprint arXiv:2104.07183},
  year={2021}
}

%%IIoT
@article{ren_comprehensive_2019,
	title = {A {C}omprehensive {R}eview of {B}ig {D}ata {A}nalytics {T}hroughout {P}roduct {L}ifecycle to {S}upport {S}ustainable {S}mart {M}anufacturing: {A} {F}ramework, {C}hallenges and {F}uture {R}esearch {D}irections},
	volume = {210},
	issn = {0959-6526},
	shorttitle = {A Comprehensive Review of Big Data Analytics Throughout Product Lifecycle to Support Sustainable Smart Manufacturing},
	language = {en},
	urlyear = {2020-05-10},
	journal = {Journal of Cleaner Production},
	author = {Ren, Shan and Zhang, Yingfeng and Liu, Yang and Sakao, Tomohiko and Huisingh, Donald and Almeida, Cecilia M. V. B.},
	month = feb,
	year = {2019},
	pages = {1343--1365},
}

@article{subramaniyan_data-driven_2018,
	title = {A {D}ata-driven {A}lgorithm to {P}redict {T}hroughput {B}ottlenecks in a {P}roduction {S}ystem based on {A}ctive {P}eriods of the {M}achines},
	volume = {125},
	issn = {0360-8352},
	language = {en},
	urlyear = {2020-05-10},
	journal = {Computers \& Industrial Engineering},
	author = {Subramaniyan, Mukund and Skoogh, Anders and Salomonsson, Hans and Bangalore, Pramod and Bokrantz, Jon},
	month = nov,
	year = {2018},
	pages = {533--544},
}

@article{lin_concept_2019,
	title = {Concept {Drift} {Detection} and {Adaption} in {Big} {Imbalance} {Industrial} {IoT} {Data} {Using} an {Ensemble} {Learning} {Method} of {Offline} {Classifiers}},
	volume = {7},
	issn = {2169-3536},
	journal = {IEEE Access},
	author = {Lin, Chun-Cheng and Deng, Der-Jiunn and Kuo, Chin-Hung and Chen, Linnan},
	year = {2019},
	pages = {56198--56207},
}

@article{galati_industry_2019,
	title = {Industry 4.0: {Emerging} {T}hemes and {F}uture {R}esearch {A}venues using a {T}ext {M}ining {A}pproach},
	volume = {109},
	issn = {0166-3615},
	shorttitle = {Industry 4.0},
	language = {en},
	urlyear = {2020-05-10},
	journal = {Computers in Industry},
	author = {Galati, Francesco and Bigliardi, Barbara},
	month = aug,
	year = {2019},
	pages = {100--113},
}

@article{peres_idarts_2018,
	title = {{IDARTS} – {Towards} {I}ntelligent {D}ata {A}nalysis and {R}eal-time {S}upervision for {I}ndustry 4.0},
	volume = {101},
	issn = {0166-3615},
	language = {en},
	urlyear = {2020-05-10},
	journal = {Computers in Industry},
	author = {Peres, Ricardo Silva and Dionisio Rocha, Andre and Leitao, Paulo and Barata, Jose},
	month = oct,
	year = {2018},
	pages = {138--146},
}

@article{keshk_privacy-preserving_2018,
	title = {Privacy-preserving {B}ig {D}ata {A}nalytics for {C}yber-physical {S}ystems},
	issn = {1572-8196},
	language = {en},
	urlyear = {2020-05-10},
	journal = {Wireless Networks},
	author = {Keshk, Marwa and Moustafa, Nour and Sitnikova, Elena and Turnbull, Benjamin},
	month = dec,
	year = {2018}
}

@article{turner_intelligent_2019,
	title = {Intelligent {D}ecision {S}upport for {M}aintenance: {An} {O}verview and {F}uture {T}rends},
	volume = {32},
	issn = {0951-192X},
	shorttitle = {Intelligent decision support for maintenance},
	number = {10},
	urlyear = {2020-05-10},
	journal = {International Journal of Computer Integrated Manufacturing},
	author = {Turner, C. J. and Emmanouilidis, C. and Tomiyama, T. and Tiwari, A. and Roy, R.},
	month = oct,
	year = {2019},
	pages = {936--959},
}

@article{messaoud_online_2020,
	title = {Online {GMM} {Clustering} and {Mini}-{Batch} {Gradient} {Descent} {Based} {Optimization} for {Industrial} {IoT} 4.0},
	volume = {16},
	issn = {1941-0050},
	number = {2},
	journal = {IEEE Transactions on Industrial Informatics},
	author = {Messaoud, Seifeddine and Bradai, Abbas and Moulay, Emmanuel},
	month = feb,
	year = {2020},
	pages = {1427--1435},
}

@article{ardolino_role_2018,
	title = {The {R}ole of {D}igital {T}echnologies for the {S}ervice {T}ransformation of {I}ndustrial {C}ompanies},
	volume = {56},
	issn = {0020-7543},
	number = {6},
	urlyear = {2020-05-10},
	journal = {International Journal of Production Research},
	author = {Ardolino, Marco and Rapaccini, Mario and Saccani, Nicola and Gaiardelli, Paolo and Crespi, Giovanni and Ruggeri, Carlo},
	month = mar,
	year = {2018},
	pages = {2116--2132},
}

@article{aijaz_tactile_2019,
	title = {The {Tactile} {Internet} for {Industries}: {A} {Review}},
	volume = {107},
	issn = {1558-2256},
	shorttitle = {The {Tactile} {Internet} for {Industries}},
	number = {2},
	journal = {Proceedings of the IEEE},
	author = {Aijaz, Adnan and Sooriyabandara, Mahesh},
	month = feb,
	year = {2019},
	pages = {414--435},
}

@article{vora_tilaa_2019,
	title = {{TILAA}: {Tactile} {Internet}-based {Ambient} {Assistant} {Living} in {F}og {E}nvironment},
	volume = {98},
	issn = {0167-739X},
	shorttitle = {{TILAA}},
	language = {en},
	urlyear = {2020-05-10},
	journal = {Future Generation Computer Systems},
	author = {Vora, Jayneel and Kaneriya, Shriya and Tanwar, Sudeep and Tyagi, Sudhanshu and Kumar, Neeraj and Obaidat, M. S.},
	month = sep,
	year = {2019},
	pages = {635--649},
}

@article{jiao_towards_2020,
	title = {Towards {A}ugmenting {C}yber-physical-human {C}ollaborative {C}ognition for {H}uman-Automation {I}nteraction in {C}omplex {M}anufacturing and {O}perational {E}nvironments},
	volume = {0},
	issn = {0020-7543},
	number = {0},
	urlyear = {2020-05-11},
	journal = {International Journal of Production Research},
	author = {Jiao, Jianxin (Roger) and Zhou, Feng and Gebraeel, Nagi Z. and Duffy, Vincent},
	month = mar,
	year = {2020},
	pages = {1--23},
}

@article{hehenberger_design_2016,
	title = {Design, {M}odelling, {S}imulation and {I}ntegration of {C}yber {P}hysical {S}ystems: {Methods} and {A}pplications},
	volume = {82},
	issn = {0166-3615},
	shorttitle = {Design, modelling, simulation and integration of cyber physical systems},
	language = {en},
	urlyear = {2020-05-10},
	journal = {Computers in Industry},
	author = {Hehenberger, P. and Vogel-Heuser, B. and Bradley, D. and Eynard, B. and Tomiyama, T. and Achiche, S.},
	month = oct,
	year = {2016},
	pages = {273--289},
}

@article{mazzei_blockchain_2020,
	title = {A {Blockchain} {Tokenizer} for {Industrial} {IOT} {T}rustless {A}pplications},
	volume = {105},
	issn = {0167-739X},
	language = {en},
	urlyear = {2020-05-11},
	journal = {Future Generation Computer Systems},
	author = {Mazzei, Daniele and Baldi, Giacomo and Fantoni, Gualtiero and Montelisciani, Gabriele and Pitasi, Antonio and Ricci, Laura and Rizzello, Lorenzo},
	month = apr,
	year = {2020},
	pages = {432--445},
}

@article{alvares_development_2018,
	title = {Development of a {Cyber}-{Physical} {F}ramework for {M}onitoring and {T}eleoperation of a {CNC} {L}athe based on {MTconnect} and {OPC} Protocols},
	volume = {31},
	issn = {0951-192X},
	number = {11},
	urlyear = {2020-05-10},
	journal = {International Journal of Computer Integrated Manufacturing},
	author = {Álvares, Alberto José and Oliveira, Luiz Eduardo Santos de and Ferreira, Joao Carlos Espindola},
	month = nov,
	year = {2018},
	pages = {1049--1066},
}

@article{lu_energy-efficient_2019,
	title = {Energy-efficient {C}yber-physical {P}roduction {N}etwork: {Architecture} and {T}echnologies},
	volume = {129},
	issn = {0360-8352},
	shorttitle = {Energy-efficient cyber-physical production network},
	language = {en},
	urlyear = {2020-05-10},
	journal = {Computers \& Industrial Engineering},
	author = {Lu, Yuqian and Peng, Tao and Xu, Xun},
	month = mar,
	year = {2019},
	pages = {56--66},
}

@article{liu_industrial_2020,
	title = {Industrial {B}lockchain based {F}ramework for {P}roduct {L}ifecycle {M}anagement in {I}ndustry 4.0},
	volume = {63},
	issn = {0736-5845},
	language = {en},
	urlyear = {2020-05-11},
	journal = {Robotics and Computer-Integrated Manufacturing},
	author = {Liu, X. L. and Wang, W. M. and Guo, Hanyang and Barenji, Ali Vatankhah and Li, Zhi and Huang, George Q.},
	month = jun,
	year = {2020},
	pages = {101897},
}

@article{chen_framework_2020,
	title = {The {F}ramework {D}esign of {S}mart {F}actory in {D}iscrete {M}anufacturing {I}ndustry based on {C}yber-physical {S}ystem},
	volume = {33},
	issn = {0951-192X},
	number = {1},
	urlyear = {2020-05-10},
	journal = {International Journal of Computer Integrated Manufacturing},
	author = {Chen, Gaige and Wang, Pei and Feng, Bo and Li, Yihui and Liu, Dekun},
	month = jan,
	year = {2020},
	pages = {79--101},
}

@article{garg_guest_2020,
	title = {Guest {Editorial} {Special} {Section} on {AI}-{Driven} {Developments} in {5G}-{Envisioned} {Industrial} {Automation}: {Big} {Data} {Perspective}},
	volume = {16},
	issn = {1941-0050},
	shorttitle = {Guest {Editorial} {Special} {Section} on {AI}-{Driven} {Developments} in {5G}-{Envisioned} {Industrial} {Automation}},
	number = {2},
	journal = {IEEE Transactions on Industrial Informatics},
	author = {Garg, S. and Guizani, M. and Guo, S. and Verikoukis, C.},
	month = feb,
	year = {2020},
	pages = {1291--1295},
}

@article{priya_5gaunets_2019,
	title = {{5GAuNetS}: an {A}utonomous {5G} {N}etwork {S}election {F}ramework for {Industry} 4.0},
	issn = {1433-7479},
	shorttitle = {{5GAuNetS}},
	language = {en},
	urlyear = {2020-05-10},
	journal = {Soft Computing},
	author = {Priya, Bhanu and Malhotra, Jyoteesh},
	month = oct,
	year = {2019}
}

@article{li_review_2017,
	title = {A {R}eview of {I}ndustrial {W}ireless {N}etworks in the {C}ontext of {Industry} 4.0},
	volume = {23},
	issn = {1572-8196},
	language = {en},
	number = {1},
	urlyear = {2020-05-10},
	journal = {Wireless Networks},
	author = {Li, Xiaomin and Li, Di and Wan, Jiafu and Vasilakos, Athanasios V. and Lai, Chin-Feng and Wang, Shiyong},
	month = jan,
	year = {2017},
	pages = {23--41}
}

@article{candell_sysml_2019,
	title = {A {SysML} {R}epresentation of the {W}ireless {F}actory {W}ork {C}ell},
	volume = {104},
	issn = {1433-3015},
	language = {en},
	number = {1},
	urlyear = {2020-05-10},
	journal = {The International Journal of Advanced Manufacturing Technology},
	author = {Candell, Richard and Kashef, Mohamed and Liu, Yongkang and Foufou, Sebti},
	month = sep,
	year = {2019},
	pages = {119--140}
}

@article{koulali_industrial_2018,
	title = {Industrial {Internet} of {Things}-{Based} {Prognostic} {Health} {Management}: {A} {Mean}-{Field} {Stochastic} {Game} {Approach}},
	volume = {6},
	issn = {2169-3536},
	shorttitle = {Industrial {Internet} of {Things}-{Based} {Prognostic} {Health} {Management}},
	journal = {IEEE Access},
	author = {Koulali, Mohammed-Amine and Koulali, Sara and Tembine, Hamidou and Kobbane, Abdellatif},
	year = {2018},
	pages = {54388--54395},
}

@article{abdellatif_management_2020,
	title = {Management of {I}ndustrial {C}ommunications {S}lices: {Towards} the {Application} {Driven} {Networking} {C}oncept},
	volume = {155},
	issn = {0140-3664},
	shorttitle = {Management of industrial communications slices},
	language = {en},
	urlyear = {2020-05-10},
	journal = {Computer Communications},
	author = {Abdellatif, Slim and Berthou, Pascal and Villemur, Thierry and Simo, Francklin},
	month = apr,
	year = {2020},
	pages = {104--116},
}

@article{saadaoui_improved_2020,
	title = {Improved {M}any-to-one {A}rchitecture based on {D}iscrete {W}avelet {P}acket {T}ransform for {I}ndustrial {IoT} {A}pplications using {C}hannel {C}oding},
	issn = {1868-5145},
	language = {en},
	urlyear = {2020-05-10},
	journal = {Journal of Ambient Intelligence and Humanized Computing},
	author = {Saadaoui, Safa and Khalil, Aamre and Tabaa, Mohamed and Chehaitly, Mouhamad and Monteiro, Fabrice and Dandache, Abbas},
	month = apr,
	year = {2020}
}

@article{khan2020industrial,
  title={Industrial {I}nternet of {T}hings: {R}ecent {A}dvances, {E}nabling {T}echnologies and {O}pen {C}hallenges},
  author={Khan, WZ and Rehman, MH and Zangoti, HM and Afzal, MK and Armi, N and Salah, K},
  journal={Computers \& Electrical Engineering},
  volume={81},
  pages={106522},
  year={2020},
  publisher={Elsevier}
}

@article{younan_challenges_2020,
	title = {Challenges and {R}ecommended {T}echnologies for the {I}ndustrial {I}nternet of {T}hings: {A} {C}omprehensive {R}eview},
	volume = {151},
	issn = {0263-2241},
	shorttitle = {Challenges and {R}ecommended {T}echnologies for the {I}ndustrial {I}nternet of {T}hings},
	language = {en},
	urlyear = {2020-05-11},
	journal = {Measurement},
	author = {Younan, Mina and Houssein, Essam H. and Elhoseny, Mohamed and Ali, Abdelmgeid A.},
	month = feb,
	year = {2020},
	pages = {107198},
}

@article{ghobakhloo_industry_2020,
	title = {Industry 4.0, {D}igitization, and {O}pportunities for {S}ustainability},
	volume = {252},
	issn = {0959-6526},
	language = {en},
	urlyear = {2020-05-10},
	journal = {Journal of Cleaner Production},
	author = {Ghobakhloo, Morteza},
	month = apr,
	year = {2020},
	pages = {119869},
}

@article{beier_industry_2020,
	title = {Industry 4.0: {How} it is {D}efined from a {S}ociotechnical {P}erspective and how much {S}ustainability it {I}ncludes – {A} {L}iterature {R}eview},
	volume = {259},
	issn = {0959-6526},
	shorttitle = {Industry 4.0},
	language = {en},
	urlyear = {2020-05-10},
	journal = {Journal of Cleaner Production},
	author = {Beier, Grischa and Ullrich, André and Niehoff, Silke and Reißig, Malte and Habich, Matthias},
	month = jun,
	year = {2020},
	pages = {120856},
}

@article{xu_industry_2018,
	title = {Industry 4.0: {S}tate of the art and {F}uture {T}rends},
	volume = {56},
	issn = {0020-7543},
	shorttitle = {Industry 4.0},
	number = {8},
	urlyear = {2020-05-10},
	journal = {International Journal of Production Research},
	author = {Xu, Li Da and Xu, Eric L. and Li, Ling},
	month = apr,
	year = {2018},
	pages = {2941--2962},
}

@article{lu_oil_2019,
	title = {Oil and {Gas} 4.0 Era: {A} {S}ystematic {R}eview and {O}utlook},
	volume = {111},
	issn = {0166-3615},
	shorttitle = {Oil and {Gas} 4.0 era},
	doi = {10.1016/j.compind.2019.06.007},
	journal = {Computers in Industry},
	author = {Lu, Hongfang and Guo, Lijun and Azimi, Mohammadamin and Huang, Kun},
	month = oct,
	year = {2019},
	pages = {68--90},
}

@article{silva_implementation_2020,
	title = {Implementation of {Industry} 4.0 {C}oncept in {C}ompanies: {E}mpirical {E}vidences},
	volume = {33},
	issn = {0951-192X},
	shorttitle = {Implementation of {Industry} 4.0 concept in companies},
	number = {4},
	urlyear = {2020-05-10},
	journal = {International Journal of Computer Integrated Manufacturing},
	author = {Silva, Vander Luiz Da and Kovaleski, João Luiz and Pagani, Regina Negri and Silva, Jaqueline De Matos and Corsi, Alana},
	month = apr,
	year = {2020},
	pages = {325--342},
}

@article{hervas-oliver_place-based_2019,
	title = {A {P}lace-based {P}olicy for {P}romoting {Industry} 4.0: the {C}ase of the {Castellon} {C}eramic {T}ile {D}istrict},
	volume = {27},
	issn = {0965-4313},
	shorttitle = {A place-based policy for promoting {Industry} 4.0},
	number = {9},
	urlyear = {2020-05-10},
	journal = {European Planning Studies},
	author = {Hervas-Oliver, Jose-Luis and Estelles-Miguel, Sofia and Mallol-Gasch, Gustavo and Boix-Palomero, Juan},
	month = sep,
	year = {2019},
	pages = {1838--1856},
}

@article{kipper_scopus_2020,
	title = {Scopus {S}cientific {M}apping {P}roduction in {I}ndustry 4.0 (2011–2018): {A} {B}ibliometric {A}nalysis},
	volume = {58},
	issn = {0020-7543},
	shorttitle = {Scopus scientific mapping production in industry 4.0 (2011–2018)},
	number = {6},
	urlyear = {2020-05-10},
	journal = {International Journal of Production Research},
	author = {Kipper, Liane Mahlmann and Furstenau, Leonardo Bertolin and Hoppe, Daniel and Frozza, Rejane and Iepsen, Sandra},
	month = mar,
	year = {2020},
	pages = {1605--1627},
}

@article{zolotova_smart_2020,
	title = {Smart and {C}ognitive {S}olutions for {Operator} 4.0: {Laboratory} {H}-{CPPS} {C}ase {S}tudies},
	volume = {139},
	issn = {0360-8352},
	shorttitle = {Smart and cognitive solutions for {Operator} 4.0},
	language = {en},
	urlyear = {2020-05-10},
	journal = {Computers \& Industrial Engineering},
	author = {Zolotová, Iveta and Papcun, Peter and Kajáti, Erik and Miškuf, Martin and Mocnej, Jozef},
	month = jan,
	year = {2020},
	pages = {105471},
}

@article{zanferrari_morais_when_2020,
	title = {When {SDN} Meets {C}-{RAN}: {A} {S}urvey {E}xploring {M}ulti-point {C}oordination, {I}nterference, and {P}erformance},
	volume = {162},
	issn = {1084-8045},
	shorttitle = {When {SDN} Meets {C}-{RAN}},
	language = {en},
	urlyear = {2020-05-10},
	journal = {Journal of Network and Computer Applications},
	author = {Zanferrari Morais, Fernando and André da Costa, Cristiano and Alberti, Antonio Marcos and Bonato Both, Cristiano and da Rosa Righi, Rodrigo},
	month = jul,
	year = {2020},
	pages = {102655},
}

@article{zhang_2020_2020,
	title = {A 2020 {P}erspective on “{Transformative} {V}alue of the {Internet} of {Things} and {P}ricing {D}ecisions”},
	volume = {41},
	issn = {1567-4223},
	language = {en},
	urlyear = {2020-05-10},
	journal = {Electronic Commerce Research and Applications},
	author = {Zhang, Xiong and Yue, Wei T.},
	month = may,
	year = {2020},
	pages = {100967},
}

@article{vernadat_information_2018,
	title = {Information {S}ystems and {K}nowledge {M}anagement in {I}ndustrial {E}ngineering: {R}ecent {A}dvances and {N}ew {P}erspectives},
	volume = {56},
	issn = {0020-7543},
	shorttitle = {Information systems and knowledge management in industrial engineering},
	number = {8},
	urlyear = {2020-05-10},
	journal = {International Journal of Production Research},
	author = {Vernadat, F. B. and Chan, F. T. S. and Molina, A. and Nof, S. Y. and Panetto, H.},
	month = apr,
	year = {2018},
	pages = {2707--2713},
}

%IoT in Healthcare
@inproceedings{bin_research_2010,
	title = {Research on {D}ata {M}ining {M}odels for the {I}nternet of {T}hings},
	booktitle = {2010 {International} {Conference} on {Image} {Analysis} and {Signal} {Processing}},
	publisher = {IEEE},
	author = {Bin, Shen and Yuan, Liu and Xiaoyi, Wang},
	year = {2010},
	pages = {127--132}
}

@techreport{organization_global_2019,
	title = {Global {S}pending on {H}ealth: A {W}orld in {T}ransition},
	shorttitle = {Global spending on health},
	institution = {World Health Organization},
	author = {Organization, World Health},
	year = {2019},
}

@article{hossain_emotion-aware_2017,
	title = {Emotion-aware {C}onnected {H}ealthcare {B}ig {D}ata {T}owards {5G}},
	volume = {5},
	number = {4},
	journal = {IEEE Internet of Things Journal},
	author = {Hossain, M. Shamim and Muhammad, Ghulam},
	year = {2017},
	pages = {2399--2406}
}

@article{bardhan_predictive_2015,
	title = {Predictive {A}nalytics for {R}eadmission of {P}atients with {C}ongestive {H}eart {F}ailure},
	volume = {26},
	number = {1},
	journal = {Information Systems Research},
	author = {Bardhan, Indranil and Oh, Jeong-ha and Zheng, Zhiqiang and Kirksey, Kirk},
	year = {2015},
	pages = {19--39}
}

@inproceedings{brito_trends_2016,
	title = {Trends in {Wireless} {Communications} {T}owards {5G} {N}etworks—{The} {I}nfluence of {E}-health and {IoT} {A}pplications},
	booktitle = {2016 {International} {Multidisciplinary} {Conference} on {Computer} and {Energy} {Science} ({SpliTech})},
	publisher = {IEEE},
	author = {Brito, Jose Marcos Camara},
	year = {2016},
	pages = {1--7}
}

@article{caldeira_intra-mobility_2013,
	title = {Intra-mobility {S}upport {S}olutions for {H}ealthcare {W}ireless {S}ensor {N}etworks–handover {I}ssues},
	volume = {13},
	number = {11},
	journal = {IEEE Sensors Journal},
	author = {Caldeira, Joao Manuel LP and Rodrigues, Joel Jose PC and Lorenz, Pascal},
	year = {2013},
	pages = {4339--4348}
}

@article{chen_data-driven_2018,
	title = {{}Data-driven {{}C}omputing and {{}C}aching in {5G} {{}N}etworks: {Architecture} and {{}D}elay {{}A}nalysis},
	volume = {25},
	number = {1},
	journal = {IEEE Wireless Communications},
	author = {Chen, Min and Qian, Yongfeng and Hao, Yixue and Li, Yong and Song, Jeungeun},
	year = {2018},
	pages = {70--75}
}

@article{chen_5g_2017,
	title = {A {5G} {Cognitive} {System} for {Healthcare}},
	volume = {1},
	number = {1},
	journal = {Big Data and Cognitive Computing},
	author = {Chen, Min and Yang, Jun and Hao, Yixue and Mao, Shiwen and Hwang, Kai},
	year = {2017},
	note = {Publisher: Multidisciplinary Digital Publishing Institute},
	pages = {2}
}

@article{ahad_5g-based_2019,
	title = {{5G}-{Based} {Smart} {Healthcare} {Network}: {Architecture}, {Taxonomy}, {Challenges} and {Future} {Research} {Directions}},
	volume = {7},
	journal = {IEEE Access},
	author = {Ahad, Abdul and Tahir, Mohammad and Yau, Kok-Lim Alvin},
	year = {2019},
	pages = {100747--100762}
}

@article{chen_5g-smart_2018,
	title = {{5G}-smart {D}iabetes: {Toward} {P}ersonalized {D}iabetes {D}iagnosis with {H}ealthcare {B}ig {D}ata {C}louds},
	volume = {56},
	number = {4},
	journal = {IEEE Communications Magazine},
	author = {Chen, Min and Yang, Jun and Zhou, Jiehan and Hao, Yixue and Zhang, Jing and Youn, Chan-Hyun},
	year = {2018},
	pages = {16--23}
}

@inproceedings{thaiparnit_comparitive_2018,
	title = {A {Comparitive} {Study} of {Clasification} {Liver} {Dysfunction} with {Machine} {Learning}},
	booktitle = {2018 {International} {Joint} {Symposium} on {Artificial} {Intelligence} and {Natural} {Language} {Processing} ({iSAI}-{NLP})},
	publisher = {IEEE},
	author = {Thaiparnit, Sattarpoom and Chumuang, Narumol and Ketcham, Mahasak},
	year = {2018},
	pages = {1--4},
}

@article{akpakwu_survey_2017,
	title = {A {S}urvey on {5G} {N}etworks for the {Internet} of {Things}: {Communication} {T}echnologies and {C}hallenges},
	volume = {6},
	journal = {IEEE Access},
	author = {Akpakwu, Godfrey Anuga and Silva, Bruno J. and Hancke, Gerhard P. and Abu-Mahfouz, Adnan M.},
	year = {2017},
	pages = {3619--3647}
}

@inproceedings{hung_development_2012,
	title = {Development of a {W}earable {S}ystem {I}ntegrated with {N}ovel {B}iomedical {S}ensors for {U}biquitous {H}ealthcare},
	booktitle = {2012 {Annual} {International} {Conference} of the {IEEE} {Engineering} in {Medicine} and {Biology} {Society}},
	publisher = {IEEE},
	author = {Hung, Kevin and Lee, C. C. and Chan, W. M. and Choy, Sheung-On and Kwok, Paul},
	year = {2012},
	pages = {5802--5805},
}

@article{miszczynska_comparative_2018,
	title = {Comparative {Analysis} of the {Key} {Factors} {Influencing} {Healthcare} {Systems} of {OECD} {Countries}},
	volume = {14},
	number = {1},
	journal = {e-Finanse},
	author = {Miszczyńska, Katarzyna M.},
	year = {2018},
	note = {Publisher: Sciendo},
	pages = {69--78}
}

@article{chen_spha_2018,
	title = {{SPHA}: {Smart} {P}ersonal {H}ealth {A}dvisor {B}ased on {D}eep {A}nalytics},
	volume = {56},
	number = {3},
	journal = {IEEE Communications Magazine},
	author = {Chen, Min and Zhang, Yin and Qiu, Meikang and Guizani, Nadra and Hao, Yixue},
	year = {2018},
	pages = {164--169}
}

@article{de_mattos_m-health_2016,
	title = {M-health {S}olutions using {5G} {N}etworks and {M2M} {C}ommunications},
	volume = {18},
	number = {3},
	journal = {IT Professional},
	author = {de Mattos, Willian D. and Gondim, Paulo RL},
	year = {2016},
	pages = {24--29}
}

@article{elhoseny_secure_2018,
	title = {Secure {M}edical {D}ata {T}ransmission {M}odel for {IoT}-based {H}ealthcare {S}ystems},
	volume = {6},
	journal = {Ieee Access},
	author = {Elhoseny, Mohamed and Ramírez-González, Gustavo and Abu-Elnasr, Osama M. and Shawkat, Shihab A. and Arunkumar, N. and Farouk, Ahmed},
	year = {2018},
	pages = {20596--20608}
}

@article{fadhil_hospital_2012,
	title = {Hospital {I}nformation {S}ystem ({HIS}) {I}mplementation in a {P}ublic {H}ospital: {A} {C}ase {S}tudy from {Malaysia}},
	volume = {8},
	number = {1},
	journal = {Far East Journal of Psychology and Business},
	author = {Fadhil, Noor Fadzlina Mohd and Jusop, Mariana and Abdullah, Abdul Aziz},
	year = {2012},
	note = {Publisher: Far East Research Centre},
	pages = {1--11}
}

@inproceedings{jusak2016internet,
  title={Internet of {M}edical {T}hings for {C}ardiac {M}onitoring: {P}aving the {W}ay to {5G} {M}obile {N}etworks},
  author={Jusak, Jusak and Pratikno, Heri and Putra, Vergie Hadiana},
  booktitle={2016 IEEE International Conference on Communication, Networks and Satellite (COMNETSAT)},
  pages={75--79},
  year={2016},
  organization={IEEE}
}

@article{kadry_challenges_2010,
	title = {Challenges that {L}imit {M}eaningful use of {H}ealth {I}nformation {T}echnology},
	volume = {23},
	number = {2},
	journal = {Current Opinion in Anesthesiology},
	author = {Kadry, Bassam and Sanderson, Iain C. and Macario, Alex},
	year = {2010},
	note = {Publisher: LWW},
	pages = {184--192},
}

@article{istepanian2018m,
  title={m-Health 2.0: {N}ew {P}erspectives on {M}obile {H}ealth, {M}achine {L}earning and {B}ig {D}ata {A}nalytics},
  author={Istepanian, Robert SH and Al-Anzi, Turki},
  journal={Methods},
  volume={151},
  pages={34--40},
  year={2018},
  publisher={Elsevier}
}

@article{li_5g_2018,
	title = {{5G} {Internet} of {Things}: {A} survey},
	volume = {10},
	journal = {Journal of Industrial Information Integration},
	author = {Li, Shancang and Da Xu, Li and Zhao, Shanshan},
	year = {2018},
	pages = {1--9}
}

@article{mumtaz_guest_2018,
	title = {Guest {E}ditorial {5G} and {B}eyond {M}obile {T}echnologies and {A}pplications for {I}ndustrial {IoT} ({IIoT})},
	volume = {14},
	number = {6},
	journal = {IEEE Transactions on Industrial Informatics},
	author = {Mumtaz, Shahid and Bo, Ai and Al-Dulaimi, Anwer and Tsang, Kim-Fung},
	year = {2018},
	pages = {2588--2591}
}

@article{murdoch_inevitable_2013,
	title = {The {I}nevitable {A}pplication of {B}ig {D}ata to {H}ealth {C}are},
	volume = {309},
	number = {13},
	journal = {Jama},
	author = {Murdoch, Travis B. and Detsky, Allan S.},
	year = {2013},
	pages = {1351--1352}
}

@inproceedings{omary_challenges_2009,
	title = {Challenges to {E}-healthcare {A}doption in {D}eveloping {C}ountries: {A} {C}ase {S}tudy of {Tanzania}},
	booktitle = {2009 {First} {International} {Conference} on {Networked} {Digital} {Technologies}},
	publisher = {IEEE},
	author = {Omary, Zanifa and Lupiana, Dennis and Mtenzi, Fredrick and Wu, Bing},
	year = {2009},
	pages = {201--209}
}

@article{ray_survey_2018,
	title = {A {S}urvey on {Internet} of {Things} {A}rchitectures},
	volume = {30},
	number = {3},
	journal = {Journal of King Saud University-Computer and Information Sciences},
	author = {Ray, Partha Pratim},
	year = {2018},
	pages = {291--319}
}

@article{cronk_environmental_2018,
	title = {Environmental {C}onditions in {H}ealth {C}are {F}acilities in {L}ow-and {M}iddle-income {C}ountries: {C}overage and {I}nequalities},
	volume = {221},
	number = {3},
	journal = {International journal of hygiene and environmental health},
	author = {Cronk, Ryan and Bartram, Jamie},
	year = {2018},
	pages = {409--422}
}

@article{sarda_vision_2017,
	title = {Vision from {Orange} {Healthcare} on {5G}},
	journal = {Orange Healthcare},
	author = {Sarda, Benjamin},
	year = {2017}
}

@article{simsek_5g-enabled_2016,
	title = {{5G}-enabled {T}actile {I}nternet},
	volume = {34},
	number = {3},
	journal = {IEEE Journal on Selected Areas in Communications},
	author = {Simsek, Meryem and Aijaz, Adnan and Dohler, Mischa and Sachs, Joachim and Fettweis, Gerhard},
	year = {2016},
	pages = {460--473}
}

@inproceedings{islam_supporting_2016,
	title = {Supporting {N}ovice {C}linicians {C}ognitive {S}trategies: {S}ystem {D}esign {P}erspective},
	booktitle = {2016 {IEEE}-{EMBS} {International} {Conference} on {Biomedical} and {Health} {Informatics} ({BHI})},
	publisher = {IEEE},
	author = {Islam, Roosan and Mayer, Jeanmarie and Clutter, Justin},
	year = {2016},
	pages = {509--512}
}

@article{lema_business_2017,
	title = {Business {C}ase and {T}echnology {A}nalysis for {5G} {L}ow {L}atency {A}pplications},
	volume = {5},
	journal = {IEEE Access},
	author = {Lema, Maria A. and Laya, Andres and Mahmoodi, Toktam and Cuevas, Maria and Sachs, Joachim and Markendahl, Jan and Dohler, Mischa},
	year = {2017},
	pages = {5917--5935}
}

@article{lloret_architecture_2017,
	title = {An {A}rchitecture and {P}rotocol for {S}mart {C}ontinuous {eHealth} {M}onitoring using {5G}},
	volume = {129},
	journal = {Computer Networks},
	author = {Lloret, Jaime and Parra, Lorena and Taha, Miran and Tomás, Jesús},
	year = {2017},
	pages = {340--351}
}

@inproceedings{lal_e-health_2017,
	title = {E-health {A}pplication over {5G} using {Content}-{Centric} {N}etworking ({CCN})},
	booktitle = {2017 {International} {Conference} on {IoT} and {Application} ({ICIOT})},
	publisher = {IEEE},
	author = {Lal, Kumari Nidhi and Kumar, Anoj},
	year = {2017},
	pages = {1--5}
}

@article{latif_how_2017,
	title = {How {5G} {W}ireless (and {C}oncomitant {T}echnologies) will {R}evolutionize {H}ealthcare?},
	volume = {9},
	number = {4},
	journal = {Future Internet},
	author = {Latif, Siddique and Qadir, Junaid and Farooq, Shahzad and Imran, Muhammad Ali},
	year = {2017},
	note = {Publisher: Multidisciplinary Digital Publishing Institute},
	pages = {93}
}

@incollection{razzak_deep_2018,
	title = {Deep {L}earning for {M}edical {I}mage {P}rocessing: {Overview}, {C}hallenges and the {F}uture},
	booktitle = {Classification in {BioApps}},
	publisher = {Springer},
	author = {Razzak, Muhammad Imran and Naz, Saeeda and Zaib, Ahmad},
	year = {2018},
	pages = {323--350}
}

@article{esteva_guide_2019,
	title = {A {G}uide to {D}eep {L}earning in {H}ealthcare},
	volume = {25},
	number = {1},
	journal = {Nature Medicine},
	author = {Esteva, Andre and Robicquet, Alexandre and Ramsundar, Bharath and Kuleshov, Volodymyr and DePristo, Mark and Chou, Katherine and Cui, Claire and Corrado, Greg and Thrun, Sebastian and Dean, Jeff},
	year = {2019},
	pages = {24--29}
}

@article{cicero_training_2017,
	title = {Training and {V}alidating a {D}eep {C}onvolutional {N}eural {N}etwork for {C}omputer-aided {D}etection and {C}lassification of {A}bnormalities on {F}rontal {C}hest {R}adiographs},
	volume = {52},
	number = {5},
	journal = {Investigative Radiology},
	author = {Cicero, Mark and Bilbily, Alexander and Colak, Errol and Dowdell, Tim and Gray, Bruce and Perampaladas, Kuhan and Barfett, Joseph},
	year = {2017},
	pages = {281--287}
}

@article{liu_recent_2014,
	title = {Recent {D}evelopment of {S}ignal {P}rocessing {A}lgorithms for {SSVEP}-based {B}rain {C}omputer {I}nterfaces},
	volume = {34},
	number = {4},
	journal = {J. Med. Biol. Eng.},
	author = {Liu, Quan and Chen, Kun and Ai, Qingsong and Xie, Sheng Quan},
	year = {2014},
	pages = {299--309}
}

@article{chen_new_2017,
	title = {A new {M}ultivariate {E}mpirical mode {D}ecomposition method for {I}mproving the {P}erformance of {SSVEP}-based {B}rain–computer {I}nterface},
	volume = {14},
	number = {4},
	journal = {Journal of Neural Engineering},
	author = {Chen, Yi-Feng and Atal, Kiran and Xie, Sheng-Quan and Liu, Quan},
	year = {2017},
	pages = {046028}
}

@article{jung_removal_2000,
	title = {Removal of {E}ye {A}ctivity {A}rtifacts from {V}isual {E}vent-related {P}otentials in {N}ormal and {C}linical {S}ubjects},
	volume = {111},
	number = {10},
	journal = {Clinical Neurophysiology},
	author = {Jung, Tzyy-Ping and Makeig, Scott and Westerfield, Marissa and Townsend, Jeanne and Courchesne, Eric and Sejnowski, Terrence J.},
	year = {2000},
	pages = {1745--1758}
}

@article{schlogl_fully_2007,
	title = {A {F}ully {A}utomated {C}orrection {M}ethod of {EOG} {A}rtifacts in {EEG} {R}ecordings},
	volume = {118},
	number = {1},
	journal = {Clinical Neurophysiology},
	author = {Schlögl, Alois and Keinrath, Claudia and Zimmermann, Doris and Scherer, Reinhold and Leeb, Robert and Pfurtscheller, Gert},
	year = {2007},
	pages = {98--104}
}

@article{moretti_computerized_2003,
	title = {Computerized {P}rocessing of {EEG}–{EOG}–{EMG} {A}rtifacts for {M}ulti-centric {S}tudies in {EEG} {O}scillations and {E}vent-related {P}otentials},
	volume = {47},
	number = {3},
	journal = {International Journal of Psychophysiology},
	author = {Moretti, Davide Vito and Babiloni, Fabio and Carducci, Filippo and Cincotti, Febo and Remondini, E. and Rossini, P. M. and Salinari, S. and Babiloni, Claudio},
	year = {2003},
	pages = {199--216}
}

@article{qi2020privacy,
  title={Privacy-aware {D}ata {F}usion and {P}rediction with {S}patial-temporal {C}ontext for {S}mart {C}ity {I}ndustrial {E}nvironment},
  author={Qi, Lianyong and Hu, Chunhua and Zhang, Xuyun and Khosravi, Mohammad R and Sharma, Suraj and Pang, Shaoning and Wang, Tian},
  journal={IEEE Transactions on Industrial Informatics},
  year={2020},
  publisher={IEEE}
}

@article{englund2021ai,
  title={{AI} {P}erspectives in {S}mart {C}ities and {C}ommunities to {E}nable {R}oad {V}ehicle {A}utomation and {S}mart {T}raffic {C}ontrol},
  author={Englund, Cristofer and Aksoy, Eren Erdal and Alonso-Fernandez, Fernando and Cooney, Martin Daniel and Pashami, Sepideh and {\AA}strand, Bj{\"o}rn},
  journal={Smart Cities},
  volume={4},
  number={2},
  pages={783--802},
  year={2021},
  publisher={Multidisciplinary Digital Publishing Institute}
}

@article{xie2020secured,
  title={Secured {G}reen {C}ommunication {S}cheme for {I}nterference {A}lignment {B}ased {N}etworks},
  author={Xie, Zhibin and Geng, Xinquan and Chen, Yunfei and Song, Kening and Panful, Benjamin and Wang, Yajun and Su, Yinjie and Zhang, Zhenkai and Hu, Ying},
  journal={Journal of Communications and Networks},
  volume={22},
  number={1},
  pages={23--36},
  year={2020},
  publisher={KICS}
}

@article{d2017developing,
  title={Developing a {T}rust {M}odel for {P}ervasive {C}omputing based on {A}priori {A}ssociation {R}ules {L}earning and {B}ayesian {C}lassification},
  author={D’Angelo, Gianni and Rampone, Salvatore and Palmieri, Francesco},
  journal={Soft Computing},
  volume={21},
  number={21},
  pages={6297--6315},
  year={2017},
  publisher={Springer}
}

@article{rathore2018exploiting,
  title={Exploiting {IoT} and {B}ig {D}ata {A}nalytics: {D}efining {S}mart {D}igital {C}ity using {R}eal-time {U}rban {D}ata},
  author={Rathore, M Mazhar and Paul, Anand and Hong, Won-Hwa and Seo, HyunCheol and Awan, Imtiaz and Saeed, Sharjil},
  journal={Sustainable cities and society},
  volume={40},
  pages={600--610},
  year={2018},
  publisher={Elsevier}
}

@article{habibzadeh2019survey,
  title={A {S}urvey on {C}ybersecurity, {D}ata {P}rivacy, and {P}olicy {I}ssues in {C}yber-physical {s}ystem {D}eployments in {S}mart {c}ities},
  author={Habibzadeh, Hadi and Nussbaum, Brian H and Anjomshoa, Fazel and Kantarci, Burak and Soyata, Tolga},
  journal={Sustainable Cities and Society},
  volume={50},
  pages={101660},
  year={2019},
  publisher={Elsevier}
}

@incollection{olufowobi2019connected,
  title={Connected {C}ars: {A}utomotive {C}ybersecurity and {P}rivacy for {S}mart {C}ities},
  author={Olufowobi, Habeeb and Bloom, Gedare},
  booktitle={Smart cities cybersecurity and privacy},
  pages={227--240},
  year={2019},
  publisher={Elsevier}
}

@incollection{yang2019privacy,
  title={Privacy and {S}ecurity {A}spects of {E}-government in {S}mart {C}ities},
  author={Yang, Longzhi and Elisa, Noe and Eliot, Neil},
  booktitle={Smart cities cybersecurity and privacy},
  pages={89--102},
  year={2019},
  publisher={Elsevier}
}

@article{vinuesa2020role,
  title={The {R}ole of {A}rtificial {I}ntelligence in {A}chieving the {S}ustainable {D}evelopment {G}oals},
  author={Vinuesa, Ricardo and Azizpour, Hossein and Leite, Iolanda and Balaam, Madeline and Dignum, Virginia and Domisch, Sami and Fell{\"a}nder, Anna and Langhans, Simone Daniela and Tegmark, Max and Nerini, Francesco Fuso},
  journal={Nature Communications},
  volume={11},
  number={1},
  pages={1--10},
  year={2020},
  publisher={Nature Publishing Group}
}

@article{hossain2020explainable,
  title={Explainable {AI} and {M}ass {S}urveillance {S}ystem-based {H}ealthcare {F}ramework to {C}ombat {COVID-19} like {P}andemics},
  author={Hossain, M Shamim and Muhammad, Ghulam and Guizani, Nadra},
  journal={IEEE Network},
  volume={34},
  number={4},
  pages={126--132},
  year={2020},
  publisher={IEEE}
}

%Survey articles
@inproceedings{dovsilovic2018explainable,
  title={Explainable {A}rtificial {I}ntelligence: {A} {S}urvey},
  author={Do{\v{s}}ilovi{\'c}, Filip Karlo and Br{\v{c}}i{\'c}, Mario and Hlupi{\'c}, Nikica},
  booktitle={2018 41st International Convention on Information and Communication Technology, Electronics and Microelectronics (MIPRO)},
  pages={0210--0215},
  year={2018},
  organization={IEEE}
}
@article{tjoa2020survey,
  title={A {S}urvey on {E}xplainable {A}rtificial {I}ntelligence ({XAI}): {T}oward {M}edical {XAI}},
  author={Tjoa, Erico and Guan, Cuntai},
  journal={IEEE Transactions on Neural Networks and Learning Systems},
  year={2020},
  publisher={IEEE}
}

@article{vilone2020explainable,
  title={Explainable {A}rtificial {I}ntelligence: {A} {S}ystematic {R}eview},
  author={Vilone, Giulia and Longo, Luca},
  journal={arXiv preprint arXiv:2006.00093},
  year={2020}
}
@article{payrovnaziri2020explainable,
  title={Explainable {A}rtificial {I}ntelligence {M}odels using {R}eal-world {E}lectronic {H}ealth {R}ecord {D}ata: {A} {S}ystematic {S}coping {R}eview},
  author={Payrovnaziri, Seyedeh Neelufar and Chen, Zhaoyi and Rengifo-Moreno, Pablo and Miller, Tim and Bian, Jiang and Chen, Jonathan H and Liu, Xiuwen and He, Zhe},
  journal={Journal of the American Medical Informatics Association},
  volume={27},
  number={7},
  pages={1173--1185},
  year={2020},
  publisher={Oxford University Press}
}
@article{stepin2021survey,
  title={A {S}urvey of {C}ontrastive and {C}ounterfactual {E}xplanation {G}eneration {M}ethods for {E}xplainable {A}rtificial {I}ntelligence},
  author={Stepin, Ilia and Alonso, Jose M and Catala, Alejandro and Pereira-Fari{\~n}a, Mart{\'\i}n},
  journal={IEEE Access},
  volume={9},
  pages={11974--12001},
  year={2021},
  publisher={IEEE}
}

@article{angelov2021explainable,
  title={Explainable {A}rtificial {I}ntelligence: {A}n {A}nalytical {R}eview},
  author={Angelov, Plamen P and Soares, Eduardo A and Jiang, Richard and Arnold, Nicholas I and Atkinson, Peter M},
  journal={Wiley Interdisciplinary Reviews: Data Mining and Knowledge Discovery},
  pages={e1424},
  year={2021},
  publisher={Wiley Online Library}
}
@article{jimenez2020drug,
  title={Drug {D}iscovery with {E}xplainable {A}rtificial {I}ntelligence},
  author={Jim{\'e}nez-Luna, Jos{\'e} and Grisoni, Francesca and Schneider, Gisbert},
  journal={Nature Machine Intelligence},
  volume={2},
  number={10},
  pages={573--584},
  year={2020},
  publisher={Nature Publishing Group}
}

@article{islam2021explainable,
  title={Explainable {A}rtificial {I}ntelligence {A}pproaches: {A} {S}urvey},
  author={Islam, Sheikh Rabiul and Eberle, William and Ghafoor, Sheikh Khaled and Ahmed, Mohiuddin},
  journal={arXiv preprint arXiv:2101.09429},
  year={2021}
}
@article{fouladgar2020xai,
  title={{XAI-PT}: {A} {B}rief {R}eview of {E}xplainable {A}rtificial {I}ntelligence from {P}ractice to {T}heory},
  author={Fouladgar, Nazanin and Fr{\"a}mling, Kary},
  journal={arXiv preprint arXiv:2012.09636},
  year={2020}
}
@article{gerlings2020reviewing,
  title={Reviewing the {N}eed for {E}xplainable {A}rtificial {I}ntelligence ({XAI})},
  author={Gerlings, Julie and Shollo, Arisa and Constantiou, Ioanna},
  journal={arXiv preprint arXiv:2012.01007},
  year={2020}
}
@inproceedings{xu2019explainable,
  title={Explainable {AI}: {A} {B}rief {S}urvey on {H}istory, {R}esearch {A}reas, {A}pproaches and {C}hallenges},
  author={Xu, Feiyu and Uszkoreit, Hans and Du, Yangzhou and Fan, Wei and Zhao, Dongyan and Zhu, Jun},
  booktitle={CCF International Conference on Natural Language Processing and Chinese Computing},
  pages={563--574},
  year={2019},
  organization={Springer}
}

@article{sado2020explainable,
  title={Explainable {G}oal-{D}riven {A}gents and {R}obots--{A} {C}omprehensive {R}eview and {N}ew {F}ramework},
  author={Sado, Fatai and Kiong Loo, Chu and Kerzel, Matthias and Wermter, Stefan},
  journal={arXiv e-prints},
  pages={arXiv--2004},
  year={2020}
}
@article{linardatos2021explainable,
  title={Explainable {AI}: {A} {R}eview of {M}achine {L}earning {I}nterpretability {M}ethods},
  author={Linardatos, Pantelis and Papastefanopoulos, Vasilis and Kotsiantis, Sotiris},
  journal={Entropy},
  volume={23},
  number={1},
  pages={18},
  year={2021},
  publisher={Multidisciplinary Digital Publishing Institute}
}
@inproceedings{puiutta2020explainable,
  title={Explainable {R}einforcement {L}earning: {A} {S}urvey},
  author={Puiutta, Erika and Veith, Eric MSP},
  booktitle={International Cross-Domain Conference for Machine Learning and Knowledge Extraction},
  pages={77--95},
  year={2020},
  organization={Springer}
}
@inproceedings{longo2020explainable,
  title={Explainable {A}rtificial {I}ntelligence: {C}oncepts, {A}pplications, {R}esearch {C}hallenges and {V}isions},
  author={Longo, Luca and Goebel, Randy and Lecue, Freddy and Kieseberg, Peter and Holzinger, Andreas},
  booktitle={International Cross-Domain Conference for Machine Learning and Knowledge Extraction},
  pages={1--16},
  year={2020},
  organization={Springer}
}
@inproceedings{clinciu2019survey,
  title={A {S}urvey of {E}xplainable {AI} {T}erminology},
  author={Clinciu, Miruna-Adriana and Hastie, Helen},
  booktitle={Proceedings of the 1st Workshop on Interactive Natural Language Technology for Explainable Artificial Intelligence (NL4XAI 2019)},
  pages={8--13},
  year={2019}
}
@article{emmert2020explainable,
  title={Explainable {A}rtificial {I}ntelligence and {M}achine {L}earning: {A} {R}eality {R}ooted {P}erspective},
  author={Emmert-Streib, Frank and Yli-Harja, Olli and Dehmer, Matthias},
  journal={Wiley Interdisciplinary Reviews: Data Mining and Knowledge Discovery},
  volume={10},
  number={6},
  pages={e1368},
  year={2020},
  publisher={Wiley Online Library}
}
@article{meske2021explainable,
  title={Explainable {A}rtificial {I}ntelligence: {O}bjectives, {S}takeholders, and {F}uture {R}esearch {O}pportunities},
  author={Meske, Christian and Bunde, Enrico and Schneider, Johannes and Gersch, Martin},
  journal={Information Systems Management},
  pages={1--11},
  year={2021},
  publisher={Taylor \& Francis}
}
@article{chou2021counterfactuals,
  title={Counterfactuals and {C}ausability in {E}xplainable {A}rtificial {I}ntelligence: {T}heory, {A}lgorithms, and {A}pplications},
  author={Chou, Yu-Liang and Moreira, Catarina and Bruza, Peter and Ouyang, Chun and Jorge, Joaquim},
  journal={arXiv preprint arXiv:2103.04244},
  year={2021}
}
@article{roscher2020explainable,
  title={Explainable {M}achine {L}earning for {S}cientific {I}nsights and {D}iscoveries},
  author={Roscher, Ribana and Bohn, Bastian and Duarte, Marco F and Garcke, Jochen},
  journal={IEEE Access},
  volume={8},
  pages={42200--42216},
  year={2020},
  publisher={IEEE}
}

@article{pham2021uav,
  title={{UAV} {C}ommunications for {S}ustainable {F}ederated {L}earning},
  author={Pham, Quoc-Viet and Zeng, Ming and Ruby, Rukhsana and Huynh-The, Thien and Hwang, Won-Joo},
  journal={IEEE Transactions on Vehicular Technology},
  volume={70},
  number={4},
  pages={3944--3948},
  year={2021},
  publisher={IEEE}
}

@article{park2018design,
  title={Design and {I}mplementation of a {S}mart {IoT} {B}ased {B}uilding and {T}own {D}isaster {M}anagement {S}ystem in {S}mart {C}ity {I}nfrastructure},
  author={Park, Sangmin and Park, Soung Hoan and Park, Lee Won and Park, Sanguk and Lee, Sanghoon and Lee, Tacklim and Lee, Sang Hyeon and Jang, Hyeonwoo and Kim, Seung Min and Chang, Hangbae and others},
  journal={Applied Sciences},
  volume={8},
  number={11},
  pages={2239},
  year={2018},
  publisher={Multidisciplinary Digital Publishing Institute}
}

@article{jagatheesaperumal2021duo,
  title={The {D}uo of {A}rtificial {I}ntelligence and {B}ig {D}ata for {I}ndustry 4.0: {R}eview of {A}pplications, {T}echniques, {C}hallenges, and {F}uture {R}esearch {D}irections},
  author={Jagatheesaperumal, Senthil Kumar and Rahouti, Mohamed and Ahmad, Kashif and Al-Fuqaha, Ala and Guizani, Mohsen},
  journal={IEEE Internet of Things Journal},
  year={2021},
  publisher={IEEE}
}

@article{mohseni2021multidisciplinary,
  title={A {M}ultidisciplinary {S}urvey and {F}ramework for {D}esign and {E}valuation of {E}xplainable {AI} {S}ystems},
  author={Mohseni, Sina and Zarei, Niloofar and Ragan, Eric D},
  journal={ACM Transactions on Interactive Intelligent Systems (TiiS)},
  volume={11},
  number={3-4},
  pages={1--45},
  year={2021},
  publisher={ACM New York, NY}
}

@article{alikhademi2021can,
  title={Can {E}xplainable {AI} {E}xplain {U}nfairness? {A} {F}ramework for {E}valuating {E}xplainable {AI}},
  author={Alikhademi, Kiana and Richardson, Brianna and Drobina, Emma and Gilbert, Juan E},
  journal={arXiv preprint arXiv:2106.07483},
  year={2021}
}

@article{ferreira2021human,
  title={The {H}uman-{AI} {R}elationship in {D}ecision-making: {AI} {E}xplanation to {S}upport {P}eople on {J}ustifying their {D}ecisions},
  author={Ferreira, Juliana Jansen and Monteiro, Mateus},
  journal={arXiv preprint arXiv:2102.05460},
  year={2021}
}

@article{chegini2021process,
  title={Process {A}utomation in an {IoT}--{F}og--{C}loud {E}cosystem: {A} {S}urvey and {T}axonomy},
  author={Chegini, Hossein and Naha, Ranesh Kumar and Mahanti, Aniket and Thulasiraman, Parimala},
  journal={IoT},
  volume={2},
  number={1},
  pages={92--118},
  year={2021},
  publisher={Multidisciplinary Digital Publishing Institute}
}

@article{maddikunta2021industry,
  title={Industry 5.0: {A} {S}urvey on {E}nabling {T}echnologies and {P}otential {A}pplications},
  author={Maddikunta, Praveen Kumar Reddy and Pham, Quoc-Viet and Prabadevi, B and Deepa, N and Dev, Kapal and Gadekallu, Thippa Reddy and Ruby, Rukhsana and Liyanage, Madhusanka},
  journal={Journal of Industrial Information Integration},
  pages={100257},
  year={2021},
  publisher={Elsevier}
}

@article{antwarg2021explaining,
  title={Explaining {A}nomalies {D}etected by {A}utoencoders using {S}hapley {A}dditive {E}xplanations},
  author={Antwarg, Liat and Miller, Ronnie Mindlin and Shapira, Bracha and Rokach, Lior},
  journal={Expert Systems with Applications},
  volume={186},
  pages={115736},
  year={2021},
  publisher={Elsevier}
}

@article{zafar2021deterministic,
  title={Deterministic {L}ocal {I}nterpretable {M}odel-agnostic {E}xplanations for {S}table {E}xplainability},
  author={Zafar, Muhammad Rehman and Khan, Naimul},
  journal={Machine Learning and Knowledge Extraction},
  volume={3},
  number={3},
  pages={525--541},
  year={2021},
  publisher={Multidisciplinary Digital Publishing Institute}
}

@article{wexler2019if,
  title={The {W}hat-if {T}ool: {I}nteractive {P}robing of {M}achine {L}earning {M}odels},
  author={Wexler, James and Pushkarna, Mahima and Bolukbasi, Tolga and Wattenberg, Martin and Vi{\'e}gas, Fernanda and Wilson, Jimbo},
  journal={IEEE transactions on visualization and computer graphics},
  volume={26},
  number={1},
  pages={56--65},
  year={2019},
  publisher={IEEE}
}

@article{arya2020ai,
  title={{AI} {E}xplainability 360: {A}n {E}xtensible {T}oolkit for {U}nderstanding {D}ata and {M}achine {L}earning {M}odels.},
  author={Arya, Vijay and Bellamy, Rachel KE and Chen, Pin-Yu and Dhurandhar, Amit and Hind, Michael and Hoffman, Samuel C and Houde, Stephanie and Liao, Q Vera and Luss, Ronny and Mojsilovic, Aleksandra and others},
  journal={Journal of Machine Learning Research},
  volume={21},
  number={130},
  pages={1--6},
  year={2020}
}

@incollection{mishra2022model,
  title={Model {E}xplainability and {I}nterpretability},
  author={Mishra, Pradeepta},
  booktitle={Practical Explainable AI Using Python},
  pages={1--22},
  year={2022},
  publisher={Springer}
}

@inproceedings{watson2022agree,
  title={Agree to disagree: When deep learning models with identical architectures produce distinct explanations},
  author={Watson, Matthew and Hasan, Bashar Awwad Shiekh and Al Moubayed, Noura},
  booktitle={Proceedings of the IEEE/CVF Winter Conference on Applications of Computer Vision},
  pages={875--884},
  year={2022}
}

@article{beckers2022causal,
  title={Causal Explanations and XAI},
  author={Beckers, Sander},
  journal={arXiv preprint arXiv:2201.13169},
  year={2022}
}
@article{calegari2020integration,
  title={On the integration of symbolic and sub-symbolic techniques for XAI: A survey},
  author={Calegari, Roberta and Ciatto, Giovanni and Omicini, Andrea},
  journal={Intelligenza Artificiale},
  volume={14},
  number={1},
  pages={7--32},
  year={2020},
  publisher={IOS Press}
}
@article{gohel2021explainable,
  title={Explainable AI: current status and future directions},
  author={Gohel, Prashant and Singh, Priyanka and Mohanty, Manoranjan},
  journal={arXiv preprint arXiv:2107.07045},
  year={2021}
}
@inproceedings{hudon2021explainable,
  title={Explainable Artificial Intelligence ({XAI}): How the Visualization of AI Predictions Affects User Cognitive Load and Confidence},
  author={Hudon, Antoine and Demazure, Th{\'e}ophile and Karran, Alexander and L{\'e}ger, Pierre-Majorique and S{\'e}n{\'e}cal, Sylvain},
  booktitle={NeuroIS Retreat},
  pages={237--246},
  year={2021},
  organization={Springer}
}
@article{chomiak2021harnessing,
  title={Harnessing value from data science in business: ensuring explainability and fairness of solutions},
  author={Chomiak, Krzysztof and Miktus, Micha{\l}},
  journal={arXiv preprint arXiv:2108.07714},
  year={2021}
}
@inproceedings{wolf2020picking,
  title={Picking Apart the Black Box: Sociotechnical Contours of Accessibility in AI/ML Software Engineering},
  author={Wolf, Christine T},
  booktitle={International Conference on Applied Human Factors and Ergonomics},
  pages={196--202},
  year={2020},
  organization={Springer}
}
@article{spinner2019explainer,
  title={explAIner: A visual analytics framework for interactive and explainable machine learning},
  author={Spinner, Thilo and Schlegel, Udo and Sch{\"a}fer, Hanna and El-Assady, Mennatallah},
  journal={IEEE transactions on visualization and computer graphics},
  volume={26},
  number={1},
  pages={1064--1074},
  year={2019},
  publisher={IEEE}
}
@article{zhdanov2022incorporating,
  title={Incorporating FAT and privacy aware AI modeling approaches into business decision making frameworks},
  author={Zhdanov, Dmitry and Bhattacharjee, Sudip and Bragin, Mikhail A},
  journal={Decision Support Systems},
  volume={155},
  pages={113715},
  year={2022},
  publisher={Elsevier}
}

@article{fan2019eli5,
  title={ELI5: Long form question answering},
  author={Fan, Angela and Jernite, Yacine and Perez, Ethan and Grangier, David and Weston, Jason and Auli, Michael},
  journal={arXiv preprint arXiv:1907.09190},
  year={2019}
}

@article{csahinel2021human,
  title={Human modeling and interaction in cyber-physical systems: A reference framework},
  author={{\c{S}}ahinel, Doruk and Akpolat, Cem and G{\"o}r{\"u}r, O Can and Sivrikaya, Fikret and Albayrak, Sahin},
  journal={Journal of Manufacturing Systems},
  volume={59},
  pages={367--385},
  year={2021},
  publisher={Elsevier}
}
@article{lezzi2018cybersecurity,
  title={Cybersecurity for Industry 4.0 in the current literature: A reference framework},
  author={Lezzi, Marianna and Lazoi, Mariangela and Corallo, Angelo},
  journal={Computers in Industry},
  volume={103},
  pages={97--110},
  year={2018},
  publisher={Elsevier}
}

@article{islam2022past,
  title={The Past, Present, and Prospective Future of XAI: A Comprehensive Review},
  author={Islam, Muhammad Usama and Mottalib, Mozaharul and Hassan, Mehedi and Alam, Zubair Ibne and Zobaed, SM and Rabby, Fazle and others},
  journal={Explainable Artificial Intelligence for Cyber Security},
  pages={1--29},
  year={2022},
  publisher={Springer}
}

@article{ahmed2022artificial,
  title={From Artificial Intelligence to eXplainable Artificial Intelligence in Industry 4.0: A survey on What, How, and Where},
  author={Ahmed, Imran and Jeon, Gwanggil and Piccialli, Francesco},
  journal={IEEE Transactions on Industrial Informatics},
  year={2022},
  publisher={IEEE}
}

@article{majid2022applications,
  title={Applications of wireless sensor networks and internet of things frameworks in the industry revolution 4.0: A systematic literature review},
  author={Majid, Mamoona and Habib, Shaista and Javed, Abdul Rehman and Rizwan, Muhammad and Srivastava, Gautam and Gadekallu, Thippa Reddy and Lin, Jerry Chun-Wei},
  journal={Sensors},
  volume={22},
  number={6},
  pages={2087},
  year={2022},
  publisher={MDPI}
}

@article{alicioglu2022survey,
  title={A survey of visual analytics for Explainable Artificial Intelligence methods},
  author={Alicioglu, Gulsum and Sun, Bo},
  journal={Computers \& Graphics},
  volume={102},
  pages={502--520},
  year={2022},
  publisher={Elsevier}
}

@article{zikria2018survey,
  title={A survey on routing protocols supported by the Contiki Internet of things operating system},
  author={Zikria, Yousaf Bin and Afzal, Muhammad Khalil and Ishmanov, Farruh and Kim, Sung Won and Yu, Heejung},
  journal={Future Generation Computer Systems},
  volume={82},
  pages={200--219},
  year={2018},
  publisher={Elsevier}
}

@article{hassija2019survey,
  title={A survey on IoT security: application areas, security threats, and solution architectures},
  author={Hassija, Vikas and Chamola, Vinay and Saxena, Vikas and Jain, Divyansh and Goyal, Pranav and Sikdar, Biplab},
  journal={IEEE Access},
  volume={7},
  pages={82721--82743},
  year={2019},
  publisher={IEEE}
}

@article{lv2021ai,
  title={AI-enabled IoT-edge data analytics for connected living},
  author={Lv, Zhihan and Qiao, Liang and Verma, Sahil},
  journal={ACM Transactions on Internet Technology},
  volume={21},
  number={4},
  pages={1--20},
  year={2021},
  publisher={ACM New York, NY}
}

@incollection{turing2009computing,
  title={Computing machinery and intelligence},
  author={Turing, Alan M},
  booktitle={Parsing the turing test},
  pages={23--65},
  year={2009},
  publisher={Springer}
}

@article{guo2018scalable,
  title={A scalable and manageable IoT architecture based on transparent computing},
  author={Guo, Hui and Ren, Ju and Zhang, Deyu and Zhang, Yaoxue and Hu, Junying},
  journal={Journal of Parallel and Distributed Computing},
  volume={118},
  pages={5--13},
  year={2018},
  publisher={Elsevier}
}

@article{faheem2018mqrp,
  title={MQRP: Mobile sinks-based QoS-aware data gathering protocol for wireless sensor networks-based smart grid applications in the context of industry 4.0-based on internet of things},
  author={Faheem, Muhammad and Gungor, Vehbi Cagri},
  journal={Future Generation Computer Systems},
  volume={82},
  pages={358--374},
  year={2018},
  publisher={Elsevier}
}

@article{malik2021industrial,
  title={Industrial Internet of Things and its applications in industry 4.0: State of the art},
  author={Malik, Praveen Kumar and Sharma, Rohit and Singh, Rajesh and Gehlot, Anita and Satapathy, Suresh Chandra and Alnumay, Waleed S and Pelusi, Danilo and Ghosh, Uttam and Nayak, Janmenjoy},
  journal={Computer Communications},
  volume={166},
  pages={125--139},
  year={2021},
  publisher={Elsevier}
}

@article{futia2020integration,
  title={On the integration of knowledge graphs into deep learning models for a more comprehensible AI—Three Challenges for future research},
  author={Futia, Giuseppe and Vetr{\`o}, Antonio},
  journal={Information},
  volume={11},
  number={2},
  pages={122},
  year={2020},
  publisher={Multidisciplinary Digital Publishing Institute}
}
@article{carvalho2019machine,
  title={Machine learning interpretability: A survey on methods and metrics},
  author={Carvalho, Diogo V and Pereira, Eduardo M and Cardoso, Jaime S},
  journal={Electronics},
  volume={8},
  number={8},
  pages={832},
  year={2019},
  publisher={Multidisciplinary Digital Publishing Institute}
}
@article{de2022perils,
  title={The perils and pitfalls of explainable AI: Strategies for explaining algorithmic decision-making},
  author={de Bruijn, Hans and Warnier, Martijn and Janssen, Marijn},
  journal={Government Information Quarterly},
  volume={39},
  number={2},
  pages={101666},
  year={2022},
  publisher={Elsevier}
}
@article{bunn2020working,
  title={Working in contexts for which transparency is important: A recordkeeping view of explainable artificial intelligence ({XAI})},
  author={Bunn, Jenny},
  journal={Records Management Journal},
  year={2020},
  publisher={Emerald Publishing Limited}
}
@article{machlev2021measuring,
  title={Measuring Explainability and Trustworthiness of Power Quality Disturbances Classifiers Using XAI-Explainable Artificial Intelligence},
  author={Machlev, Ram and Perl, Michael and Belikov, Juri and Levy, Kfir and Levron, Yoash},
  journal={IEEE Transactions on Industrial Informatics},
  year={2021},
  publisher={IEEE}
}
@article{luo2022reinforcement,
  title={Reinforcement Learning-Based Adaptive Switching Scheme for Hybrid Optical-Acoustic AUV Mobile Network},
  author={Luo, Hanjiang and Xu, Ziyang and Wang, Jinglong and Yang, Yuting and Ruby, Rukhsana and Wu, Kaishun},
  journal={Wireless Communications and Mobile Computing},
  volume={2022},
  year={2022},
  publisher={Hindawi}
}

@article{wang2022distributed,
  title={Distributed Reinforcement Learning for Age of Information Minimization in Real-Time IoT Systems},
  author={Wang, Sihua and Chen, Mingzhe and Yang, Zhaohui and Yin, Changchuan and Saad, Walid and Cui, Shuguang Robert and Poor, H Vincent},
  journal={IEEE Journal of Selected Topics in Signal Processing},
  year={2022},
  publisher={IEEE}
}
@article{rahouti2021incremental,
  title={Incremental Learning Implementations and Vision for Cyber Risk Detection in IoT},
  author={Rahouti, Mohamed and Ayyash, Moussa and Jagatheesaperumal, Senthil Kumar and Oliveira, Diogo},
  journal={IEEE Internet of Things Magazine},
  volume={4},
  number={3},
  pages={114--119},
  year={2021},
  publisher={IEEE}
}


%%

@article{xu2022edge,
  title={Edge Learning for B5G Networks with Distributed Signal Processing: Semantic Communication, Edge Computing, and Wireless Sensing},
  author={Xu, Wei and Yang, Zhaohui and Ng, Derrick Wing Kwan and Levorato, Marco and Eldar, Yonina C and others},
  journal={arXiv preprint arXiv:2206.00422},
  year={2022}
}

@article{gunduz2022beyond,
  title={Beyond Transmitting Bits: Context, Semantics, and Task-Oriented Communications},
  author={Gunduz, Deniz and Qin, Zhijin and Aguerri, Inaki Estella and Dhillon, Harpreet S and Yang, Zhaohui and Yener, Aylin and Kit Wong, Kai and Chae, Chan-Byoung},
  journal={arXiv e-prints},
  pages={arXiv--2207},
  year={2022}
}


%%%%%%%%Begin-Section I Introduction
@article{saad2019vision,
  title={A Vision of {6G} Wireless Systems: {A}pplications, Trends, Technologies, and Open Research Problems},
  author={Saad, W. and Bennis, M. and Chen, M.},
  journal={IEEE Net.},
  year={2020},
  volume={34},
  number={3},
  pages={134-142},
  month={May/June},
}


@article{Bennis2020Communication,
  title={Communication Technologies for Efficient Edge Learning},
  author={ Bennis, Mehdi and Debbah, M{\'e}rouane and Huang, Kaibin and Yang, Zhaohui},
  journal={IEEE Commun. Magazine},
  volume={58},
  number={12},
  pages={12--13},
  year={2021},
month={Jan.},
}


@article{liu2017nonorthogonal,
  title={Nonorthogonal multiple access for 5{G} and beyond},
  author={Liu, Yuanwei and Qin, Zhijin and Elkashlan, Maged and Ding, Zhiguo and Nallanathan, Arumugam and Hanzo, Lajos},
  journal={Proc. IEEE},
   year={2017},
  volume={105},
  number={12},
  pages={2347-2381},
  month={Dec.},
}

@article{shin2017non,
  title={Non-orthogonal multiple access in multi-cell networks: Theory, performance, and practical challenges},
  author={Shin, Wonjae and Vaezi, Mojtaba and Lee, Byungju and Love, David J and Lee, Jungwoo and Poor, H Vincent},
  journal={IEEE Commun. Maga.},
  volume={55},
  number={10},
  pages={176--183},
  year={2017},
  publisher={IEEE}
}

@article{qin2018user,
  title={User association and resource allocation in unified NOMA enabled heterogeneous ultra dense networks},
  author={Qin, Zhijin and Yue, Xinwei and Liu, Yuanwei and Ding, Zhiguo and Nallanathan, Arumugam},
  journal={IEEE Commun. Maga.},
  volume={56},
  number={6},
  pages={86--92},
  year={2018},
  publisher={IEEE}
}
@article{li2020blockchain,
  title={A blockchain-based decentralized federated learning framework with committee consensus},
  author={Li, Yuzheng and Chen, Chuan and Liu, Nan and Huang, Huawei and Zheng, Zibin and Yan, Qiang},
  journal={IEEE Network},
  volume={35},
  number={1},
  pages={234--241},
  year={2021},
  month={Jan.},
}

@INPROCEEDINGS{chehimi2021quantum,  author={Chehimi, Mahdi and Saad, Walid},  booktitle={ICASSP 2022 - 2022 IEEE International Conference on Acoustics, Speech and Signal Processing (ICASSP)},   title={Quantum Federated Learning with Quantum Data},   year={2022},  volume={},  number={},  pages={8617-8621}, 
month={May},
address={Singapore, Singapore},
doi={10.1109/ICASSP43922.2022.9746622}}

@article{liu2021learning,
  title={Learning-based Predictive Beamforming for Integrated Sensing and Communication in Vehicular Networks},
  author={Liu, Chang and Yuan, Weijie and Li, Shuangyang and Liu, Xuemeng and Ng, Derrick Wing Kwan and Li, Yonghui},
  journal={arXiv preprint},
  url={https://arxiv.org/abs/2108.11540},
  year={2022},
  month={Apr.}
}

@article{liu2021deep,
  title={Deep residual learning for channel estimation in intelligent reflecting surface-assisted multi-user communications},
  author={Liu, Chang and Liu, Xuemeng and Ng, Derrick Wing Kwan and Yuan, Jinhong},
  journal={IEEE Trans. Wireless Commun.},
  year={2022},
  volume={21},
  number={2},
  pages={898-912},
  month={Feb.},
}

@article{wang2022asynchronous,
  title={Asynchronous federated learning over wireless communication networks},
  author={Wang, Zhongyu and Zhang, Zhaoyang and Tian, Yuqing and Yang, Qianqian and Shan, Hangguan and Wang, Wei and Quek, Tony QS},
  journal={IEEE Trans. Wireless Commun.},
  year={2022},
  month={Mar.},
}


@article{gao2020unsupervised,
  title={Unsupervised learning for passive beamforming},
  author={Gao, Jiabao and Zhong, Caijun and Chen, Xiaoming and Lin, Hai and Zhang, Zhaoyang},
  journal={IEEE Commun. Lett.},
  volume={24},
  number={5},
  pages={1052--1056},
  year={2020},
  month={May},
}

@article{gao2019deep,
  title={Deep learning for spectrum sensing},
  author={Gao, Jiabao and Yi, Xuemei and Zhong, Caijun and Chen, Xiaoming and Zhang, Zhaoyang},
  journal={IEEE Wireless Commun. Lett.},
  volume={8},
  number={6},
  pages={1727--1730},
  year={2019},
  month={Dec.}
}
@article{yang2021federated,
  title={Federated learning for 6{G}: {A}pplications, challenges, and opportunities},
  author={Yang, Zhaohui and Chen, Mingzhe and Wong, Kai-Kit and Poor, H Vincent and Cui, Shuguang},
  journal={Engineering},
  year={2022},
  publisher={Elsevier},
  month={Jan.},
  pages={105--118},
}
@article{chen2021communication1,
  title={Communication-efficient federated learning},
  author={Chen, Mingzhe and Shlezinger, Nir and Poor, H Vincent and Eldar, Yonina C and Cui, Shuguang},
  journal={Proceedings of the National Academy of Sciences},
  volume={118},
  number={17},
  year={2021},
  publisher={National Acad Sciences}
}
@article{zhu2019broadband,
  title={Broadband analog aggregation for low-latency federated edge learning},
  author={Zhu, Guangxu and Wang, Yong and Huang, Kaibin},
  journal={IEEE Trans. Wireless Commun.},
  volume={19},
  number={1},
  pages={491--506},
  year={2020},
  month={Jan.},
}


@ARTICLE{Shi2020Power,  
author={Shi, Jianfeng and Chen, Xiao and Huang, Nuo and Jiang, Hao and Yang, Zhaohui and Chen, Ming},  
journal={IEEE Trans. Commun.},  
title={Power-Efficient Transmission for User-Centric Networks With Limited Fronthaul Capacity and Computation Resource},   year={2020},  volume={68},  number={9},  pages={5649-5660},  month={Sept.}}

@ARTICLE{Shi2019Dynamic,  author={Shi, Jianfeng and Chen, Ming and Zhang, Wence and Yang, Zhaohui and Xu, Hao},  journal={IEEE Trans. Commun.},   title={Dynamic {AP} Clustering and Precoding for User-Centric Virtual Cell Networks},   year={2019},  volume={67},  number={3},  pages={2504-2516},  month={Mar.}}

@ARTICLE{Huang2020Holographic,  author={Huang, Chongwen and Hu, Sha and Alexandropoulos, George C. and Zappone, Alessio and Yuen, Chau and Zhang, Rui and Renzo, Marco Di and Debbah, Merouane},  journal={IEEE Wireless Commun.},   title={Holographic {MIMO} Surfaces for 6{G} Wireless Networks: {O}pportunities, Challenges, and Trends},   year={2020},  volume={27},  number={5},  pages={118-125},  month={Oct.}}

@ARTICLE{Huang2021Multi,  author={Huang, Chongwen and Yang, Zhaohui and Alexandropoulos, George C. and Xiong, Kai and Wei, Li and Yuen, Chau and Zhang, Zhaoyang and Debbah, Mérouane},  journal={IEEE J. Sel. Areas Commun.},   title={Multi-Hop {RIS}-Empowered Terahertz Communications: {A} {DRL}-Based Hybrid Beamforming Design},   year={2021},  volume={39},  number={6},  pages={1663-1677},  doi={10.1109/JSAC.2021.3071836}}

@ARTICLE{Huang2020Reconfigurable,  author={Huang, Chongwen and Mo, Ronghong and Yuen, Chau},  journal={IEEE J. Sel. Areas Commun.},   title={Reconfigurable Intelligent Surface Assisted Multiuser {MISO} Systems Exploiting Deep Reinforcement Learning},   year={2020},  volume={38},  number={8},  pages={1839-1850},  month={Aug.}}

@ARTICLE{Yang2022Energy,  author={Yang, Zhaohui and Chen, Mingzhe and Saad, Walid and Xu, Wei and Shikh-Bahaei, Mohammad and Poor, H. Vincent and Cui, Shuguang},  journal={IEEE Trans. Wireless Commun.},   title={Energy-Efficient Wireless Communications With Distributed Reconfigurable Intelligent Surfaces},   year={2022},  volume={21},  number={1},  pages={665-679},  month={Jan.}}

@ARTICLE{Yang2021Beamforming,  author={Yang, Zhaohui and Xu, Wei and Huang, Chongwen and Shi, Jianfeng and Shikh-Bahaei, Mohammad},  journal={IEEE Trans. Commun.},   title={Beamforming Design for Multiuser Transmission Through Reconfigurable Intelligent Surface},   year={2021},  volume={69},  number={1},  pages={589-601},  month={Jan.}}



@INPROCEEDINGS{Tong2021Federated,  author={Tong, Haonan and Yang, Zhaohui and Wang, Sihua and Hu, Ye and Saad, Walid and Yin, Changchuan},  booktitle={Proc. IEEE Global Commun. Conf. (GLOBECOM)},   title={Federated Learning based Audio Semantic Communication over Wireless Networks},   year={2021},  volume={},  number={},  pages={1-6},  month={Dec.},
address={Madrid, Spain}}

@article{tong2021federated2,
  title={Federated Learning for Audio Semantic Communication},
  author={Tong, Haonan and Yang, Zhaohui and Wang, Sihua and Hu, Ye and Semiari, Omid and Saad, Walid and Yin, Changchuan},
  journal={Frontiers Commun.  Netw.},
  year={2021},
  month={Sep.},
  volume={2},
}


@inproceedings{chen2019performance,
  title={Performance optimization of federated learning over wireless networks},
  author={Chen, Mingzhe and Yang, Zhaohui and Saad, Walid and Yin, Changchuan and Poor, H Vincent and Cui, Shuguang},
  booktitle={Proc. IEEE Global Commun. Conf. (GLOBECOM)},
  pages={1--6},
  year={2019},
  month={Dec.},
  address={Waikoloa, HI, USA},
}

@article{ni2021federated,
  title={Federated learning in multi-{RIS} aided systems},
  author={Ni, Wanli and Liu, Yuanwei and Yang, Zhaohui and Tian, Hui and Shen, Xuemin},
  journal={IEEE Int. Things J.},
  year={2021},
  volume={9},
  number={12},
  pages={9608-9624},
  month={June}
}

@article{yang2020delay,
  title={Delay minimization for federated learning over wireless communication networks},
  author={Yang, Zhaohui and Chen, Mingzhe and Saad, Walid and Hong, Choong Seon and Shikh-Bahaei, Mohammad and Poor, H Vincent and Cui, Shuguang},
  journal={arXiv preprint arXiv:2007.03462},
  year={2020},
  url={https://arxiv.org/abs/1909.09145},
  month={Jul.}
}

@article{xu2021learning,
  title={Learning rate optimization for federated learning exploiting over-the-air computation},
  author={Xu, Chunmei and Liu, Shengheng and Yang, Zhaohui and Huang, Yongming and Wong, Kai-Kit},
  journal={IEEE J. Sel. Areas in Commun.},
  volume={39},
  number={12},
  pages={3742--3756},
  year={2021},
  month={Dec.}
}

@article{ni2021star,
  title={{STAR-RIS} enabled heterogeneous networks: {U}biquitous {NOMA} communication and pervasive federated learning},
  author={Ni, Wanli and Liu, Yuanwei and Eldar, Yonina C and Yang, Zhaohui and Tian, Hui},
  journal={arXiv preprint},
  url={https://arxiv.org/abs/2106.08592},
  year={2019},
  month={Jun.}
}

@article{ni2021integrating,
  title={Integrating over-the-air federated learning and non-orthogonal multiple access: {W}hat role can {RIS} play?},
  author={Ni, Wanli and Liu, Yuanwei and Yang, Zhaohui and Tian, Hui and Shen, Xuemin},
  journal={IEEE Transactions on Wireless Communications}, 
  year={2021},
  Month={},
  doi={10.1109/TWC.2022.3181214},
}

@ARTICLE{Wen2022Safeguarding,  author={Wang, Wen and Ni, Wanli and Tian, Hui and Yang, Zhaohui and Huang, Chongwen and Wong, Kai-Kit},  journal={IEEE J. Sel. Topics Signal Process.},   title={Safeguarding {NOMA} Networks via Reconfigurable Dual-Functional Surface under Imperfect {CSI}},   year={2022 (accepted to appear)},  volume={},  number={},  pages={}}

@INPROCEEDINGS{Ni2021Over,  author={Ni, Wanli and Liu, Yuanwei and Yang, Zhaohui and Tian, Hui},  booktitle={Proc. IEEE Conf. Computer Commun. Workshops (INFOCOM WKSHPS)},   title={Over-the-Air Federated Learning and Non-Orthogonal Multiple Access Unified by Reconfigurable Intelligent Surface},   year={2021},  volume={},  number={},  pages={1-6},  month={May},
address={Vancouver, BC, Canada}}


@ARTICLE{Yang2021Communication,  author={Yang, Yuzhi and Zhang, Zhaoyang and Yang, Qianqian},  journal={IEEE J.  Sel. Areas Commun.},   title={Communication-Efficient Federated Learning With Binary Neural Networks},   year={2021},  volume={39},  number={12},  pages={3836-3850},  month={Dec.},}


@ARTICLE{Tong2021Joint,  author={Tong, Xin and Zhang, Zhaoyang and Wang, Jue and Huang, Chongwen and Debbah, Mérouane},  journal={IEEE J. Sel. Topics Signal Process.},   title={Joint Multi-User Communication and Sensing Exploiting Both Signal and Environment Sparsity},   year={2021},  volume={15},  number={6},  pages={1409-1422},  month={Nov.}}

@ARTICLE{Wu2021Learn,  author={Wu, Hui and Zhang, Zhaoyang and Jiao, Chunxu and Li, Chunguang and Quek, Tony Q. S.},  journal={IEEE Int. Things J.},   title={Learn to Sense: {A} Meta-Learning-Based Sensing and Fusion Framework for Wireless Sensor Networks},   year={2019},  volume={6},  number={5},  pages={8215-8227},  Month={Oct.}}


@ARTICLE{kang2020WCM,  author={Kang, Jiawen and Xiong, Zehui and Niyato, Dusit and Zou, Yuze and Zhang, Yang and Guizani, Mohsen},  journal={IEEE Wireless Comm.},   title={Reliable Federated Learning for Mobile Networks},   year={2020},   month={Feb.},  volume={27},  number={2},  pages={72-80},  doi={10.1109/MWC.001.1900119}}



@ARTICLE{kang2022TNSE,  author={Kang, Jiawen and Li, Xuandi and Nie, Jiangtian and Liu, Yi and Xu, Minrui and Xiong, Zehui and Niyato, Dusit and Yan, Qiang},  journal={IEEE Trans. Network Science Engineering},   title={Communication-Efficient and Cross-chain Empowered Federated Learning for Artificial Intelligence of Things},   year={2022},   month={May},  volume={to be published},  number={},  pages={1-1},  doi={10.1109/TNSE.2022.3178970}}


@ARTICLE{kang2022TII,  author={Ma, Shiyao and Nie, Jiangtian and Kang, Jiawen and Lyu, Lingjuan and Liu, Ryan Wen and Zhao, Ruihui and Liu, Ziyao and Niyato, Dusit},  journal={IEEE Trans. on Industrial Informatics},   title={Privacy-preserving Anomaly Detection in Cloud Manufacturing via Federated Transformer},   year={2022},  month={Apr.},  volume={},  number={},  pages={1-1},  doi={10.1109/TII.2022.3167478}}


@ARTICLE{kang2022tvt,  author={Xie, Kan and Zhang, Zhe and Li, Bo and Kang, Jiawen and Niyato, Tao Dusit and Xie, Shengli and Wu, Yi},  journal={IEEE Trans. Veh. Technol.},   title={Efficient Federated Learning with Spike Neural Networks for Traffic Sign Recognition},    year={2022},   month={May},  volume={to be published},  number={},  pages={1-1},  doi={10.1109/TVT.2022.3178808}}


@ARTICLE{kang2021matching,  author={Kang, Jiawen and Xiong, Zehui and Li, Xuandi and Zhang, Yang and Niyato, Dusit and Leung, Cyril and Miao, Chunyan},  journal={IEEE Trans. Veh. Technol.},   title={Optimizing Task Assignment for Reliable Blockchain-Empowered Federated Edge Learning},   year={2021}, month={Feb.},  volume={70},  number={2},  pages={1910-1923},  doi={10.1109/TVT.2021.3055767}}


@ARTICLE{kang2021contract,  author={Lim, Wei Yang Bryan and Huang, Jianqiang and Xiong, Zehui and Kang, Jiawen and Niyato, Dusit and Hua, Xian-Sheng and Leung, Cyril and Miao, Chunyan},  journal={IEEE Trans. Intelligent Transportation Syst.},   title={Towards Federated Learning in UAV-Enabled Internet of Vehicles: {A} Multi-Dimensional Contract-Matching Approach},   year={2021},  month={Feb.}, volume={22},  number={8},  pages={5140-5154},  doi={10.1109/TITS.2021.3056341}}


@ARTICLE{kang20206G,  author={Liu, Yi and Yuan, Xingliang and Xiong, Zehui and Kang, Jiawen and Wang, Xiaofei and Niyato, Dusit},  journal={China Commun.},   title={Federated learning for {6G} communications: Challenges, methods, and future directions},   year={2020},  month={Sep.},  volume={17},  number={9},  pages={105-118},  doi={10.23919/JCC.2020.09.009}}
@article{tong2022environment,
  title={Environment Sensing Considering the Occlusion Effect: A Multi-View Approach},
  author={Tong, Xin and Zhang, Zhaoyang and Zhang, Yihan and Yang, Zhaohui and Huang, Chongwen and Wong, Kai-Kit and Debbah, M{\'e}rouane},
  journal={IEEE Transactions on Signal Processing},
  year={2022},
  publisher={IEEE}
}

@article{yang2019energy,
  title={Energy efficient resource allocation in UAV-enabled mobile edge computing networks},
  author={Yang, Zhaohui and Pan, Cunhua and Wang, Kezhi and Shikh-Bahaei, Mohammad},
  journal={IEEE Transactions on Wireless Communications},
  volume={18},
  number={9},
  pages={4576--4589},
  year={2019},
  publisher={IEEE}
}

@article{yang2019energyuav,
  title={Energy efficient UAV communication with energy harvesting},
  author={Yang, Zhaohui and Xu, Wei and Shikh-Bahaei, Mohammad},
  journal={IEEE Transactions on Vehicular Technology},
  volume={69},
  number={2},
  pages={1913--1927},
  year={2019},
  publisher={IEEE}
}
@article{nascita2021xai,
  title={{XAI} meets mobile traffic classification: Understanding and improving multimodal deep learning architectures},
  author={Nascita, Alfredo and Montieri, Antonio and Aceto, Giuseppe and Ciuonzo, Domenico and Persico, Valerio and Pescap{\'e}, Antonio},
  journal={IEEE Transactions on Network and Service Management},
  volume={18},
  number={4},
  pages={4225--4246},
  year={2021},
  publisher={IEEE}
}
@article{mahbooba2021explainable,
  title={Explainable artificial intelligence ({XAI}) to enhance trust management in intrusion detection systems using decision tree model},
  author={Mahbooba, Basim and Timilsina, Mohan and Sahal, Radhya and Serrano, Martin},
  journal={Complexity},
  volume={2021},
  year={2021},
  publisher={Hindawi}
}
@article{hatwell2020chirps,
  title={CHIRPS: Explaining random forest classification},
  author={Hatwell, Julian and Gaber, Mohamed Medhat and Azad, R},
  journal={Artificial Intelligence Review},
  volume={53},
  number={8},
  pages={5747--5788},
  year={2020},
  publisher={Springer}
}
@article{zou2022ensemble,
  title={Ensemble image explainable {AI} ({XAI}) algorithm for severe community-acquired pneumonia and {COVID-19} respiratory infections},
  author={Zou, Lin and Goh, Han Leong and Liew, Charlene Jin Yee and Quah, Jessica Lishan and Gu, Gary Tianyu and Chew, Jun Jie and Kumar, Mukundaram Prem and Ang, Christine Gia Lee and Ta, Andy},
  journal={IEEE Transactions on Artificial Intelligence},
  year={2022},
  publisher={IEEE}
}

@article{wang2021federated,
  title={Federated learning via intelligent reflecting surface},
  author={Wang, Zhibin and Qiu, Jiahang and Zhou, Yong and Shi, Yuanming and Fu, Liqun and Chen, Wei and Letaief, Khaled B},
  journal={IEEE Transactions on Wireless Communications},
  volume={21},
  number={2},
  pages={808--822},
  year={2021},
  publisher={IEEE}
}

@article{arisdakessian2022survey,
  title={A Survey on {IoT} Intrusion Detection: Federated Learning, Game Theory, Social Psychology and Explainable {AI} as Future Directions},
  author={Arisdakessian, Sarhad and Wahab, Omar Abdel and Mourad, Azzam and Otrok, Hadi and Guizani, Mohsen},
  journal={IEEE Internet of Things Journal},
  year={2022},
  publisher={IEEE}
}
@article{wells2021explainable,
  title={Explainable ai and reinforcement learning—a systematic review of current approaches and trends},
  author={Wells, Lindsay and Bednarz, Tomasz},
  journal={Frontiers in artificial intelligence},
  volume={4},
  pages={550030},
  year={2021},
  publisher={Frontiers Media SA}
}
@article{chiaroni2020self,
  title={Self-supervised learning for autonomous vehicles perception: A conciliation between analytical and learning methods},
  author={Chiaroni, Florent and Rahal, Mohamed-Cherif and Hueber, Nicolas and Dufaux, Fr{\'e}d{\'e}ric},
  journal={IEEE Signal Processing Magazine},
  volume={38},
  number={1},
  pages={31--41},
  year={2020},
  publisher={IEEE}
}

@article{cheng2019new,
  title={A new generation of AI: A review and perspective on machine learning technologies applied to smart energy and electric power systems},
  author={Cheng, Lefeng and Yu, Tao},
  journal={International Journal of Energy Research},
  volume={43},
  number={6},
  pages={1928--1973},
  year={2019},
  publisher={Wiley Online Library}
}
