 @article{dommel1968optimal,
  title={Optimal power flow solutions},
  author={Dommel, Hermann W and Tinney, William F},
  journal={IEEE Transactions on power apparatus and systems},
  number={10},
  pages={1866--1876},
  year={1968},
  publisher={IEEE}
}

@misc{enwiki:1103904998,
    author = "{Wikipedia contributors}",
    title = "2021 Texas power crisis --- {Wikipedia}{,} The Free Encyclopedia",
    year = "2022",
    url = "https://en.wikipedia.org/w/index.php?title=2021_Texas_power_crisis&oldid=1103904998",
    note = "[Online; accessed 16-August-2022]"
  }

@article{olofsson1995linear,
  title={Linear programming based optimal power flow using second order sensitivities},
  author={Olofsson, Magnus and Andersson, G{\"o}ran and Soder, L},
  journal={IEEE Transactions on Power Systems},
  volume={10},
  number={3},
  pages={1691--1697},
  year={1995},
  publisher={IEEE}
}

@article{khanabadi2012optimal,
  title={Optimal transmission switching considering voltage security and N-1 contingency analysis},
  author={Khanabadi, Mojtaba and Ghasemi, Hassan and Doostizadeh, Meysam},
  journal={IEEE Transactions on Power Systems},
  volume={28},
  number={1},
  pages={542--550},
  year={2012},
  publisher={IEEE}
}

@inproceedings{pandvzic2014effect,
  title={Effect of time resolution on unit commitment decisions in systems with high wind penetration},
  author={Pand{\v{z}}i{\'c}, Hrvoje and Dvorkin, Yury and Wang, Yishen and Qiu, Ting and Kirschen, Daniel S},
  booktitle={2014 IEEE PES General Meeting| Conference \& Exposition},
  pages={1--5},
  year={2014},
  organization={IEEE}
}

@article{bendotti2019complexity,
  title={On the complexity of the unit commitment problem},
  author={Bendotti, Pascale and Fouilhoux, Pierre and Rottner, C{\'e}cile},
  journal={Annals of Operations Research},
  volume={274},
  number={1},
  pages={119--130},
  year={2019},
  publisher={Springer}
}

@inproceedings{bhardwaj2012unit,
  title={Unit commitment in electrical power system-a literature review},
  author={Bhardwaj, Amit and Kamboj, Vikram Kumar and Shukla, Vijay Kumar and Singh, Bhupinder and Khurana, Preeti},
  booktitle={2012 IEEE international power engineering and optimization conference Melaka, Malaysia},
  pages={275--280},
  year={2012},
  organization={IEEE}
}

@article{jabr2002primal,
  title={A primal-dual interior point method for optimal power flow dispatching},
  author={Jabr, Rabih A and Coonick, Alun H and Cory, Brian J},
  journal={IEEE Transactions on Power Systems},
  volume={17},
  number={3},
  pages={654--662},
  year={2002},
  publisher={IEEE}
}

@article{talukdar1981computer,
  title={Computer-aided dispatch for electric power systems},
  author={Talukdar, Sarosh N and Wu, Felix F},
  journal={Proceedings of the IEEE},
  volume={69},
  number={10},
  pages={1212--1231},
  year={1981},
  publisher={IEEE}
}

@article{sun1984optimal,
  title={Optimal power flow by Newton approach},
  author={Sun, David I and Ashley, Bruce and Brewer, Brian and Hughes, Art and Tinney, William F},
  journal={IEEE Transactions on Power Apparatus and systems},
  number={10},
  pages={2864--2880},
  year={1984},
  publisher={IEEE}
}

@article{niu2014review,
  title={A review on applications of heuristic optimization algorithms for optimal power flow in modern power systems},
  author={Niu, Ming and Wan, Can and Xu, Zhao},
  journal={Journal of Modern Power Systems and Clean Energy},
  volume={2},
  number={4},
  pages={289--297},
  year={2014},
  publisher={SGEPRI}
}

@inproceedings{rakai2014gpu,
  title={GPU-accelerated solutions to optimal power flow problems},
  author={Rakai, Logan and Rosehart, William},
  booktitle={2014 47th Hawaii International Conference on System Sciences},
  pages={2511--2516},
  year={2014},
  organization={IEEE}
}

@phdthesis{chen1993proximal,
  title={Proximal and decomposition methods in convex programming},
  author={Chen, Gong},
  year={1993},
  school={University of Maryland, Baltimore County}
}

@article{woo2020real,
  title={Real-time optimal power flow using twin delayed deep deterministic policy gradient algorithm},
  author={Woo, Jong Ha and Wu, Lei and Park, Jong-Bae and Roh, Jae Hyung},
  journal={IEEE Access},
  volume={8},
  pages={213611--213618},
  year={2020},
  publisher={IEEE}
}

@article{eckstein1994parallel,
  title={Parallel alternating direction multiplier decomposition of convex programs},
  author={Eckstein, Jonathan},
  journal={Journal of Optimization Theory and Applications},
  volume={80},
  number={1},
  pages={39--62},
  year={1994},
  publisher={Springer}
}

@article{dall2016optimal,
  title={Optimal power flow pursuit},
  author={Dall’Anese, Emiliano and Simonetto, Andrea},
  journal={IEEE Transactions on Smart Grid},
  volume={9},
  number={2},
  pages={942--952},
  year={2016},
  publisher={IEEE}
}

@book{wood2013power,
  title={Power generation, operation, and control},
  author={Wood, Allen J and Wollenberg, Bruce F and Shebl{\'e}, Gerald B},
  year={2013},
  publisher={John Wiley \& Sons}
}

@article{silver2016mastering,
  title={Mastering the game of Go with deep neural networks and tree search},
  author={Silver, David and Huang, Aja and Maddison, Chris J and Guez, Arthur and Sifre, Laurent and Van Den Driessche, George and Schrittwieser, Julian and Antonoglou, Ioannis and Panneershelvam, Veda and Lanctot, Marc and others},
  journal={nature},
  volume={529},
  number={7587},
  pages={484--489},
  year={2016},
  publisher={Nature Publishing Group}
}

@article{silver2017mastering,
  title={Mastering chess and shogi by self-play with a general reinforcement learning algorithm},
  author={Silver, David and Hubert, Thomas and Schrittwieser, Julian and Antonoglou, Ioannis and Lai, Matthew and Guez, Arthur and Lanctot, Marc and Sifre, Laurent and Kumaran, Dharshan and Graepel, Thore and others},
  journal={arXiv preprint arXiv:1712.01815},
  year={2017}
}

@article{schrittwieser2020mastering,
  title={Mastering atari, go, chess and shogi by planning with a learned model},
  author={Schrittwieser, Julian and Antonoglou, Ioannis and Hubert, Thomas and Simonyan, Karen and Sifre, Laurent and Schmitt, Simon and Guez, Arthur and Lockhart, Edward and Hassabis, Demis and Graepel, Thore and others},
  journal={Nature},
  volume={588},
  number={7839},
  pages={604--609},
  year={2020},
  publisher={Nature Publishing Group}
}

@article{heidarifar2021optimal,
  title={An optimal transmission line switching and bus splitting heuristic incorporating AC and N-1 contingency constraints},
  author={Heidarifar, Majid and Andrianesis, Panagiotis and Ruiz, Pablo and Caramanis, Michael C and Paschalidis, Ioannis Ch},
  journal={International Journal of Electrical Power \& Energy Systems},
  volume={133},
  pages={107278},
  year={2021},
  publisher={Elsevier}
}

@article{ye2021mastering,
  title={Mastering atari games with limited data},
  author={Ye, Weirui and Liu, Shaohuai and Kurutach, Thanard and Abbeel, Pieter and Gao, Yang},
  journal={Advances in Neural Information Processing Systems},
  volume={34},
  year={2021}
}

@article{lillicrap2015continuous,
  title={Continuous control with deep reinforcement learning},
  author={Lillicrap, Timothy P and Hunt, Jonathan J and Pritzel, Alexander and Heess, Nicolas and Erez, Tom and Tassa, Yuval and Silver, David and Wierstra, Daan},
  journal={arXiv preprint arXiv:1509.02971},
  year={2015}
}

@article{mnih2015human,
  title={Human-level control through deep reinforcement learning},
  author={Mnih, Volodymyr and Kavukcuoglu, Koray and Silver, David and Rusu, Andrei A and Veness, Joel and Bellemare, Marc G and Graves, Alex and Riedmiller, Martin and Fidjeland, Andreas K and Ostrovski, Georg and others},
  journal={nature},
  volume={518},
  number={7540},
  pages={529--533},
  year={2015},
  publisher={Nature Publishing Group}
}

@misc{ enwiki:1125752576,
    author = "{Wikipedia contributors}",
    title = "Cost of electricity by source --- {Wikipedia}{,} The Free Encyclopedia",
    year = "2022",
    url = "https://en.wikipedia.org/w/index.php?title=Cost_of_electricity_by_source&oldid=1125752576",
    note = "[Online; accessed 6-December-2022]"
  }

@article{lincoln2019pypower,
  title={PYPOWER: port of MATPOWER in Python},
  author={Lincoln, R},
  journal={URL: https://github. com/rwl/PYPOWER, last accessed on},
  volume={25},
  number={12},
  pages={2019},
  year={2019}
}

@article{schulman2017proximal,
  title={Proximal policy optimization algorithms},
  author={Schulman, John and Wolski, Filip and Dhariwal, Prafulla and Radford, Alec and Klimov, Oleg},
  journal={arXiv preprint arXiv:1707.06347},
  year={2017}
}

@inproceedings{hubert2021learning,
  title={Learning and planning in complex action spaces},
  author={Hubert, Thomas and Schrittwieser, Julian and Antonoglou, Ioannis and Barekatain, Mohammadamin and Schmitt, Simon and Silver, David},
  booktitle={International Conference on Machine Learning},
  pages={4476--4486},
  year={2021},
  organization={PMLR}
}

@article{yan2020real,
  title={Real-time optimal power flow: A lagrangian based deep reinforcement learning approach},
  author={Yan, Ziming and Xu, Yan},
  journal={IEEE Transactions on Power Systems},
  volume={35},
  number={4},
  pages={3270--3273},
  year={2020},
  publisher={IEEE}
}

@inproceedings{chandy2010simple,
  title={A simple optimal power flow model with energy storage},
  author={Chandy, K Mani and Low, Steven H and Topcu, Ufuk and Xu, Huan},
  booktitle={49th IEEE Conference on Decision and Control (CDC)},
  pages={1051--1057},
  year={2010},
  organization={IEEE}
}

@article{carrion2006computationally,
  title={A computationally efficient mixed-integer linear formulation for the thermal unit commitment problem},
  author={Carri{\'o}n, Miguel and Arroyo, Jos{\'e} M},
  journal={IEEE Transactions on power systems},
  volume={21},
  number={3},
  pages={1371--1378},
  year={2006},
  publisher={IEEE}
}

@article{ruiz2009uncertainty,
  title={Uncertainty management in the unit commitment problem},
  author={Ruiz, Pablo A and Philbrick, C Russ and Zak, Eugene and Cheung, Kwok W and Sauer, Peter W},
  journal={IEEE Transactions on Power Systems},
  volume={24},
  number={2},
  pages={642--651},
  year={2009},
  publisher={IEEE}
}

@book{zhu2015optimization,
  title={Optimization of power system operation},
  author={Zhu, Jizhong},
  year={2015},
  publisher={John Wiley & Sons}
}

@article{bialek2020does,
  title={What does the GB power outage on 9 August 2019 tell us about the current state of decarbonised power systems?},
  author={Bialek, Janusz},
  journal={Energy Policy},
  volume={146},
  pages={111821},
  year={2020},
  publisher={Elsevier}
}

@article{mandhane2022muzero,
  title={Muzero with self-competition for rate control in vp9 video compression},
  author={Mandhane, Amol and Zhernov, Anton and Rauh, Maribeth and Gu, Chenjie and Wang, Miaosen and Xue, Flora and Shang, Wendy and Pang, Derek and Claus, Rene and Chiang, Ching-Han and others},
  journal={arXiv preprint arXiv:2202.06626},
  year={2022}
}

@article{fawzi2022discovering,
  title={Discovering faster matrix multiplication algorithms with reinforcement learning},
  author={Fawzi, Alhussein and Balog, Matej and Huang, Aja and Hubert, Thomas and Romera-Paredes, Bernardino and Barekatain, Mohammadamin and Novikov, Alexander and R Ruiz, Francisco J and Schrittwieser, Julian and Swirszcz, Grzegorz and others},
  journal={Nature},
  volume={610},
  number={7930},
  pages={47--53},
  year={2022},
  publisher={Nature Publishing Group}
}

@inproceedings{chen2021flexible,
  title={Flexible transformation cost analysis of Thermal power in Jiangxi Province for depth peak-shaving},
  author={Chen, Hui Yuan and Xiong, Yun and Wang, Wei and Xiong, Ning and Li, Ying Xue},
  booktitle={2021 International Conference on Power System Technology (POWERCON)},
  pages={940--945},
  year={2021},
  organization={IEEE}
}

@article{yan2022lcos,
AUTHOR={Xu, Yan and Pei, Jiamei and Cui, Liang and Liu, Pingkuo and Ma, Tianjiao},   
TITLE={The Levelized Cost of Storage of Electrochemical Energy Storage Technologies in China},      
JOURNAL={Frontiers in Energy Research},      
VOLUME={10},           
YEAR={2022},      
URL={https://www.frontiersin.org/articles/10.3389/fenrg.2022.873800},       
DOI={10.3389/fenrg.2022.873800},      
ISSN={2296-598X},   
}

@article{de2021applying,
  title={Applying reinforcement learning and tree search to the unit commitment problem},
  author={de Mars, Patrick and O’Sullivan, Aidan},
  journal={Applied Energy},
  volume={302},
  pages={117519},
  year={2021},
  publisher={Elsevier}
}

@article{de2022reinforcement,
  title={Reinforcement learning and A* search for the unit commitment problem},
  author={de Mars, Patrick and O’Sullivan, Aidan},
  journal={Energy and AI},
  volume={9},
  pages={100179},
  year={2022},
  publisher={Elsevier}
}

@article{bertsimas2012adaptive,
  title={Adaptive robust optimization for the security constrained unit commitment problem},
  author={Bertsimas, Dimitris and Litvinov, Eugene and Sun, Xu Andy and Zhao, Jinye and Zheng, Tongxin},
  journal={IEEE transactions on power systems},
  volume={28},
  number={1},
  pages={52--63},
  year={2012},
  publisher={IEEE}
}

@article{quan2015computational,
  title={A computational framework for uncertainty integration in stochastic unit commitment with intermittent renewable energy sources},
  author={Quan, Hao and Srinivasan, Dipti and Khambadkone, Ashwin M and Khosravi, Abbas},
  journal={Applied energy},
  volume={152},
  pages={71--82},
  year={2015},
  publisher={Elsevier}
}

@article{cordova2018efficient,
  title={An efficient forecasting-optimization scheme for the intraday unit commitment process under significant wind and solar power},
  author={Cordova, Samuel and Rudnick, Hugh and Lorca, Alvaro and Martinez, Victor},
  journal={IEEE Transactions on Sustainable Energy},
  volume={9},
  number={4},
  pages={1899--1909},
  year={2018},
  publisher={IEEE}
}

@inproceedings{gopalakrishnan2013global,
  title={Global optimization of multi-period optimal power flow},
  author={Gopalakrishnan, Ajit and Raghunathan, Arvind U and Nikovski, Daniel and Biegler, Lorenz T},
  booktitle={2013 American Control Conference},
  pages={1157--1164},
  year={2013},
  organization={IEEE}
}

@article{jabr2012tight,
  title={Tight polyhedral approximation for mixed-integer linear programming unit commitment formulations},
  author={Jabr, RA},
  journal={IET Generation, Transmission \& Distribution},
  volume={6},
  number={11},
  pages={1104--1111},
  year={2012},
  publisher={IET}
}

@article{yan2022hybrid,
    title={A Hybrid Data-driven Method for Fast Solution of Security-Constrained Optimal Power Flow},
    author={Yan, Ziming and Xu, Yan},  journal={IEEE Transactions on Power Systems},    
    year={2022},  
    volume={},  
    number={},  
    pages={1-1},  doi={10.1109/TPWRS.2022.3150023},
    publisher={IEEE}
}

@article{zhou2020data,
  title={A data-driven method for fast ac optimal power flow solutions via deep reinforcement learning},
  author={Zhou, Yuhao and Zhang, Bei and Xu, Chunlei and Lan, Tu and Diao, Ruisheng and Shi, Di and Wang, Zhiwei and Lee, Wei-Jen},
  journal={Journal of Modern Power Systems and Clean Energy},
  volume={8},
  number={6},
  pages={1128--1139},
  year={2020},
  publisher={SGEPRI}
}

@article{zhou2021deep,
  title={Deep reinforcement learning based real-time AC optimal power flow considering uncertainties},
  author={Zhou, Yuhao and Lee, Wei-Jen and Diao, Ruisheng and Shi, Di},
  journal={Journal of Modern Power Systems and Clean Energy},
  year={2021},
  publisher={SGEPRI}
}

@inproceedings{zamzam2020learning,
  title={Learning optimal solutions for extremely fast AC optimal power flow},
  author={Zamzam, Ahmed S and Baker, Kyri},
  booktitle={2020 IEEE International Conference on Communications, Control, and Computing Technologies for Smart Grids (SmartGridComm)},
  pages={1--6},
  year={2020},
  organization={IEEE}
}

@article{lange2020learning,
  title={Learning to solve ac optimal power flow by differentiating through holomorphic embeddings},
  author={Lange, Henning and Chen, Bingqing and Berges, Mario and Kar, Soummya},
  journal={arXiv preprint arXiv:2012.09622},
  year={2020}
}

@article{garcia2015comprehensive,
  title={A comprehensive survey on safe reinforcement learning},
  author={Garc{\i}a, Javier and Fern{\'a}ndez, Fernando},
  journal={Journal of Machine Learning Research},
  volume={16},
  number={1},
  pages={1437--1480},
  year={2015}
}

@inproceedings{achiam2017constrained,
  title={Constrained policy optimization},
  author={Achiam, Joshua and Held, David and Tamar, Aviv and Abbeel, Pieter},
  booktitle={International conference on machine learning},
  pages={22--31},
  year={2017},
  organization={PMLR}
}

@article{dalal2018safe,
  title={Safe exploration in continuous action spaces},
  author={Dalal, Gal and Dvijotham, Krishnamurthy and Vecerik, Matej and Hester, Todd and Paduraru, Cosmin and Tassa, Yuval},
  journal={arXiv preprint arXiv:1801.08757},
  year={2018}
}

@article{saunders2017trial,
  title={Trial without error: Towards safe reinforcement learning via human intervention},
  author={Saunders, William and Sastry, Girish and Stuhlmueller, Andreas and Evans, Owain},
  journal={arXiv preprint arXiv:1707.05173},
  year={2017}
}

@article{marot2021learning,
  title={Learning to run a power network with trust},
  author={Marot, Antoine and Donnot, Benjamin and Chaouache, Karim and Kelly, Adrian and Huang, Qiuhua and Hossain, Ramij-Raja and Cremer, Jochen L},
  journal={arXiv preprint arXiv:2110.12908},
  year={2021}
}

@article{madani2015distribution,
  title={Distribution automation strategies challenges and opportunities in a changing landscape},
  author={Madani, Vahid and Das, Ratan and Aminifar, Farrokh and McDonald, John and Venkata, SS and Novosel, Damir and Bose, Anjan and Shahidehpour, Mohammad},
  journal={IEEE Transactions on Smart Grid},
  volume={6},
  number={4},
  pages={2157--2165},
  year={2015},
  publisher={IEEE}
}

@article{degrave2022magnetic,
  title={Magnetic control of tokamak plasmas through deep reinforcement learning},
  author={Degrave, Jonas and Felici, Federico and Buchli, Jonas and Neunert, Michael and Tracey, Brendan and Carpanese, Francesco and Ewalds, Timo and Hafner, Roland and Abdolmaleki, Abbas and de Las Casas, Diego and others},
  journal={Nature},
  volume={602},
  number={7897},
  pages={414--419},
  year={2022},
  publisher={Nature Publishing Group}
}

@article{reddy2016day,
  title={Day-ahead and real time optimal power flow considering renewable energy resources},
  author={Reddy, S Surender and Bijwe, PR},
  journal={International Journal of Electrical Power \& Energy Systems},
  volume={82},
  pages={400--408},
  year={2016},
  publisher={Elsevier}
}

@article{dabbagchi1962ieee,
  title={Ieee 14 bus power flow test case},
  author={Dabbagchi, Iraj},
  journal={American Electric Power System, Golden CO},
  year={1962}
}

@article{horgan2018distributed,
  title={Distributed prioritized experience replay},
  author={Horgan, Dan and Quan, John and Budden, David and Barth-Maron, Gabriel and Hessel, Matteo and Van Hasselt, Hado and Silver, David},
  journal={arXiv preprint arXiv:1803.00933},
  year={2018}
}

@inproceedings{haarnoja2018soft,
  title={Soft actor-critic: Off-policy maximum entropy deep reinforcement learning with a stochastic actor},
  author={Haarnoja, Tuomas and Zhou, Aurick and Abbeel, Pieter and Levine, Sergey},
  booktitle={International conference on machine learning},
  pages={1861--1870},
  year={2018},
  organization={PMLR}
}

@article{ghosh2020operator,
  title={An operator view of policy gradient methods},
  author={Ghosh, Dibya and C Machado, Marlos and Le Roux, Nicolas},
  journal={Advances in Neural Information Processing Systems},
  volume={33},
  pages={3397--3406},
  year={2020}
}

@article{tassa2018deepmind,
  title={Deepmind control suite},
  author={Tassa, Yuval and Doron, Yotam and Muldal, Alistair and Erez, Tom and Li, Yazhe and Casas, Diego de Las and Budden, David and Abdolmaleki, Abbas and Merel, Josh and Lefrancq, Andrew and others},
  journal={arXiv preprint arXiv:1801.00690},
  year={2018}
}

@article{schwarzer2020data,
  title={Data-efficient reinforcement learning with self-predictive representations},
  author={Schwarzer, Max and Anand, Ankesh and Goel, Rishab and Hjelm, R Devon and Courville, Aaron and Bachman, Philip},
  journal={arXiv preprint arXiv:2007.05929},
  year={2020}
}

@article{tawn2022review,
  title={A review of very short-term wind and solar power forecasting},
  author={Tawn, R and Browell, J},
  journal={Renewable and Sustainable Energy Reviews},
  volume={153},
  pages={111758},
  year={2022},
  publisher={Elsevier}
}

@article{ajagekar2022deep,
  title={Deep Reinforcement Learning Based Unit Commitment Scheduling under Load and Wind Power Uncertainty},
  author={Ajagekar, Akshay and You, Fengqi},
  journal={IEEE Transactions on Sustainable Energy},
  year={2022},
  publisher={IEEE}
}

@article{shao2022safety,
  title={Safety-enhanced autonomous driving using interpretable sensor fusion transformer},
  author={Shao, Hao and Wang, Letian and Chen, Ruobing and Li, Hongsheng and Liu, Yu},
  journal={arXiv preprint arXiv:2207.14024},
  year={2022}
}

@article{chitta2022transfuser,
  title={TransFuser: Imitation with Transformer-Based Sensor Fusion for Autonomous Driving},
  author={Chitta, Kashyap and Prakash, Aditya and Jaeger, Bernhard and Yu, Zehao and Renz, Katrin and Geiger, Andreas},
  journal={arXiv preprint arXiv:2205.15997},
  year={2022}
}

@article{brown2017pypsa,
  title={PyPSA: Python for power system analysis},
  author={Brown, Tom and H{\"o}rsch, Jonas and Schlachtberger, David},
  journal={arXiv preprint arXiv:1707.09913},
  year={2017}
}

@article{pan2020deepopf,
  title={Deepopf: A deep neural network approach for security-constrained dc optimal power flow},
  author={Pan, Xiang and Zhao, Tianyu and Chen, Minghua and Zhang, Shengyu},
  journal={IEEE Transactions on Power Systems},
  volume={36},
  number={3},
  pages={1725--1735},
  year={2020},
  publisher={IEEE}
}

@online{Liam2019GridCollapse,
  author     = {Liam Stoker},
  title      = {National Grid ESO probing power cuts following sudden generation collapse},
  urldate    = {2019-08-25},
  url        = {https://tanjent-energy.com/blog/national-grid-eso-probing-power-cuts-following-sudden-generation-collapse/},
}

@article{pohlen2018observe,
  title={Observe and look further: Achieving consistent performance on atari},
  author={Pohlen, Tobias and Piot, Bilal and Hester, Todd and Azar, Mohammad Gheshlaghi and Horgan, Dan and Budden, David and Barth-Maron, Gabriel and Van Hasselt, Hado and Quan, John and Ve{\v{c}}er{\'\i}k, Mel and others},
  journal={arXiv preprint arXiv:1805.11593},
  year={2018}
}

@article{magness2021review,
  title={Review of February 2021 extreme cold weather event},
  author={Magness, Bill},
  journal={Austin, TX: ERCOT. www. ercot. com/content/wcm/key\_documents\_lists/225373/2.2 \_REVISED\_ERCOT\_Present ation. pdf},
  year={2021}
}

@misc{grid2op,
    author = {B. Donnot},
    title = {{Grid2op- A testbed platform to model sequential decision making in power systems. }},
    year = {2020},
    publisher = {GitHub},
    journal = {GitHub repository},
    howpublished = {\url{https://GitHub.com/rte-france/grid2op}},
}

@ARTICLE{pandapower.2018,
    author={L. Thurner and A. Scheidler and F. Sch{\"a}fer and J. Menke and J. Dollichon and F. Meier and S. Meinecke and M. Braun},
    journal={IEEE Transactions on Power Systems},
    title={pandapower — An Open-Source Python Tool for Convenient Modeling, Analysis, and Optimization of Electric Power Systems},
    year={2018},
    month={Nov},
    volume={33},
    number={6},
    pages={6510-6521},
    doi={10.1109/TPWRS.2018.2829021},
    ISSN={0885-8950}}

@online{l2rpn2022chanllenge,
  author     = {Electric Power Research Institute},
  title      = {Learning To Run a Power Network Challenge},
  urldate    = {2022-05-18},
  url        = {https://l2rpn.chalearn.org/},
}

@online{go2022apare,
  author     = {APAR-E},
  title      = {Grid Optimization Competition},
  urldate    = {2022-05-18},
  url        = {https://gocompetition.energy.gov/},
}

@phdthesis{murphy2019correlated,
  title={Correlated Generator Failures and Power System Reliability},
  author={Murphy, Sinnott J},
  year={2019},
  school={Carnegie Mellon University}
}

@article{sospiro2021cost,
  title={Cost--benefit analysis of pumped hydroelectricity storage investment in China},
  author={Sospiro, Paolo and Nibbi, Leonardo and Liscio, Marco Ciro and De Lucia, Maurizio},
  journal={Energies},
  volume={14},
  number={24},
  pages={8322},
  year={2021},
  publisher={MDPI}
}

@article{jabr2006radial,
  title={Radial distribution load flow using conic programming},
  author={Jabr, Rabih A},
  journal={IEEE transactions on power systems},
  volume={21},
  number={3},
  pages={1458--1459},
  year={2006},
  publisher={IEEE}
}

@article{jabr2014robust,
  title={Robust multi-period OPF with storage and renewables},
  author={Jabr, Rabih A and Karaki, Sami and Korbane, Joe Akl},
  journal={IEEE Transactions on Power Systems},
  volume={30},
  number={5},
  pages={2790--2799},
  year={2014},
  publisher={IEEE}
}

@article{siano2012fcn,
  author={Siano, Pierluigi and Cecati, Carlo and Yu, Hao and Kolbusz, Janusz},
  journal={IEEE Transactions on Industrial Informatics}, 
  title={Real Time Operation of Smart Grids via FCN Networks and Optimal Power Flow}, 
  year={2012},
  volume={8},
  number={4},
  pages={944-952},
  doi={10.1109/TII.2012.2205391}}

@article{gan2016online,
  author={Gan, Lingwen and Low, Steven H.},
  journal={IEEE Journal on Selected Areas in Communications}, 
  title={An Online Gradient Algorithm for Optimal Power Flow on Radial Networks}, 
  year={2016},
  volume={34},
  number={3},
  pages={625-638},
  doi={10.1109/JSAC.2016.2525598}}

@article{tang2017real,
  title={Real-time optimal power flow},
  author={Tang, Yujie and Dvijotham, Krishnamurthy and Low, Steven},
  journal={IEEE Transactions on Smart Grid},
  volume={8},
  number={6},
  pages={2963--2973},
  year={2017},
  publisher={IEEE}
}

@article{zhang2019deep,
  title={Deep reinforcement learning for power system applications: An overview},
  author={Zhang, Zidong and Zhang, Dongxia and Qiu, Robert C},
  journal={CSEE Journal of Power and Energy Systems},
  volume={6},
  number={1},
  pages={213--225},
  year={2019},
  publisher={CSEE}
}

@article{chowdhury1990review,
  title={A review of recent advances in economic dispatch},
  author={Chowdhury, Badrul H and Rahman, Saifur},
  journal={IEEE transactions on power systems},
  volume={5},
  number={4},
  pages={1248--1259},
  year={1990},
  publisher={IEEE}
}

@article{olatomiwa2016energy,
  title={Energy management strategies in hybrid renewable energy systems: A review},
  author={Olatomiwa, Lanre and Mekhilef, Saad and Ismail, Mahmoud S and Moghavvemi, Mahmoud},
  journal={Renewable and Sustainable Energy Reviews},
  volume={62},
  pages={821--835},
  year={2016},
  publisher={Elsevier}
}

@inproceedings{diao2019autonomous,
  title={Autonomous voltage control for grid operation using deep reinforcement learning},
  author={Diao, Ruisheng and Wang, Zhiwei and Shi, Di and Chang, Qianyun and Duan, Jiajun and Zhang, Xiaohu},
  booktitle={2019 IEEE Power \& Energy Society General Meeting (PESGM)},
  pages={1--5},
  year={2019},
  organization={IEEE}
}

@inproceedings{yoon2020winning,
  title={Winning the l2rpn challenge: Power grid management via semi-markov afterstate actor-critic},
  author={Yoon, Deunsol and Hong, Sunghoon and Lee, Byung-Jun and Kim, Kee-Eung},
  booktitle={International Conference on Learning Representations},
  year={2020}
}

@inproceedings{zhou2021action,
  title={Action set based policy optimization for safe power grid management},
  author={Zhou, Bo and Zeng, Hongsheng and Liu, Yuecheng and Li, Kejiao and Wang, Fan and Tian, Hao},
  booktitle={Joint European Conference on Machine Learning and Knowledge Discovery in Databases},
  pages={168--181},
  year={2021},
  organization={Springer}
}

@article{kelly2020reinforcement,
  title={Reinforcement learning for electricity network operation},
  author={Kelly, Adrian and O'Sullivan, Aidan and de Mars, Patrick and Marot, Antoine},
  journal={arXiv preprint arXiv:2003.07339},
  year={2020}
}

@article{li2018alphago,
  title={From AlphaGo to power system AI: What engineers can learn from solving the most complex board game},
  author={Li, Fangxing and Du, Yan},
  journal={IEEE Power and Energy Magazine},
  volume={16},
  number={2},
  pages={76--84},
  year={2018},
  publisher={IEEE}
}

@article{wu2021ultra,
  title={Ultra-short-term multi-step wind power forecasting based on CNN-LSTM},
  author={Wu, Qianyu and Guan, Fei and Lv, Chen and Huang, Yongzhang},
  journal={IET Renewable Power Generation},
  volume={15},
  number={5},
  pages={1019--1029},
  year={2021},
  publisher={Wiley Online Library}
}

@online{xinjiang2022windpred,
  author     = {国家电网报, 胡培根},
  title      = {新疆新能源发电有了“天气预报” 应用新一代新能源功率预测系统提高预测准确性},
  urldate    = {2022-02-16},
  url        = {http://www.escn.com.cn/news/show-1342151.html},
}

@online{deepmind2019windpred,
  author     = {Nick Statt},
  title      = {Google and DeepMind are using AI to predict the energy output of wind farms},
  urldate    = {2019-02-26},
  url        = {https://www.theverge.com/2019/2/26/18241632/google-deepmind-wind-farm-ai-machine-learning-green-energy-efficiency},
}
